<!DOCTYPE html><html lang="en"><head><script src="/ewelcome-awakes-flowes-that-La-Warry-ares-Like-n" async></script><meta charSet="utf-8" data-next-head=""/><link rel="preload" href="/fonts/source-sans-pro/SourceSansPro-Regular.woff2" as="font" type="font/woff2" crossorigin="anonymous" data-next-head=""/><link rel="preload" href="/fonts/itc-avant-garde-gothic/AvantGardeGothicITCW05-Demi.woff2" as="font" type="font/woff2" crossorigin="anonymous" data-next-head=""/><link rel="preload" href="/fonts/itc-avant-garde-gothic/ITCAvantGardeGothicW05-Bold.woff2" as="font" type="font/woff2" crossorigin="anonymous" data-next-head=""/><link rel="preload" href="/fonts/source-sans-pro/SourceSansPro-SemiBold.woff2" as="font" type="font/woff2" crossorigin="anonymous" data-next-head=""/><title data-next-head="">Search vegetables | Coles</title><meta name="robots" content="noindex,nofollow" data-next-head=""/><meta name="googlebot" content="noindex,nofollow" data-next-head=""/><meta property="og:title" content="Search vegetables | Coles" data-next-head=""/><meta property="og:type" content="website" data-next-head=""/><meta property="og:locale" content="en_AU" data-next-head=""/><meta property="og:site_name" content="Coles" data-next-head=""/><meta name="viewport" content="width=device-width,initial-scale=1,minimum-scale=1,maximum-scale=5,user-scalable=yes" data-next-head=""/><meta http-equiv="x-ua-compatible" content="IE=edge" data-next-head=""/><meta name="keywords" content="Keywords" data-next-head=""/><meta name="msapplication-TileColor" content="#da532c" data-next-head=""/><meta name="theme-color" content="#ffffff" data-next-head=""/><link rel="manifest" href="/manifest.json" data-next-head=""/><link rel="icon" href="/content/dam/coles/global/icons/favicons/favicon.ico" data-next-head=""/><link rel="icon" type="image/png" sizes="16x16" href="/content/dam/coles/global/icons/favicons/favicon-16x16.png" data-next-head=""/><link rel="icon" type="image/png" sizes="32x32" href="/content/dam/coles/global/icons/favicons/favicon-32x32.png" data-next-head=""/><link rel="apple-touch-icon" sizes="180x180" href="/content/dam/coles/global/icons/favicons/apple-touch-icon.png" data-next-head=""/><link rel="mask-icon" href="/content/dam/coles/global/icons/favicons/safari-pinned-tab.svg" color="#5bbad5" data-next-head=""/><link rel="preload" as="image" imageSrcSet="/_next/image?url=https%3A%2F%2Fcdn.productimages.coles.com.au%2Fproductimages%2F4%2F407755.jpg&amp;w=256&amp;q=90 1x, /_next/image?url=https%3A%2F%2Fcdn.productimages.coles.com.au%2Fproductimages%2F4%2F407755.jpg&amp;w=640&amp;q=90 2x" data-next-head=""/><link rel="preload" as="image" imageSrcSet="/_next/image?url=https%3A%2F%2Fcdn.productimages.coles.com.au%2Fproductimages%2F9%2F9006560.jpg&amp;w=256&amp;q=90 1x, /_next/image?url=https%3A%2F%2Fcdn.productimages.coles.com.au%2Fproductimages%2F9%2F9006560.jpg&amp;w=640&amp;q=90 2x" data-next-head=""/><link rel="preload" as="image" imageSrcSet="/_next/image?url=https%3A%2F%2Fcdn.productimages.coles.com.au%2Fproductimages%2F4%2F4910506.jpg&amp;w=256&amp;q=90 1x, /_next/image?url=https%3A%2F%2Fcdn.productimages.coles.com.au%2Fproductimages%2F4%2F4910506.jpg&amp;w=640&amp;q=90 2x" data-next-head=""/><link rel="preload" as="image" imageSrcSet="/_next/image?url=https%3A%2F%2Fcdn.productimages.coles.com.au%2Fproductimages%2F4%2F4597109.jpg&amp;w=256&amp;q=90 1x, /_next/image?url=https%3A%2F%2Fcdn.productimages.coles.com.au%2Fproductimages%2F4%2F4597109.jpg&amp;w=640&amp;q=90 2x" data-next-head=""/><meta name="emotion-insertion-point" content=""/><style data-emotion="css-global 0"></style><style data-emotion="css-global y66zau">html{-webkit-font-smoothing:antialiased;-moz-osx-font-smoothing:grayscale;box-sizing:border-box;-webkit-text-size-adjust:100%;}*,*::before,*::after{box-sizing:inherit;}strong,b{font-weight:700;}body{margin:0;color:#303840;font-family:"SourceSansPro","Lucida Sans",sans-serif;font-weight:400;font-size:1rem;line-height:1.5;background-color:#FFFFFF;}@media print{body{background-color:#FFFFFF;}}body::backdrop{background-color:#FFFFFF;}*,*::before,*::after{box-sizing:border-box;padding:0;margin:0;}ul{list-style:none;}a{color:inherit;-webkit-text-decoration:none;text-decoration:none;}.sr-only:not(:focus):not(:active){clip:rect(0 0 0 0);-webkit-clip-path:inset(50%);clip-path:inset(50%);height:1px;overflow:hidden;position:absolute;white-space:nowrap;width:1px;}[data-reactroot]{height:100vh;display:-webkit-box;display:-webkit-flex;display:-ms-flexbox;display:flex;-webkit-flex-direction:column;-ms-flex-direction:column;flex-direction:column;}[data-reactroot] >main{-webkit-flex:1;-ms-flex:1;flex:1;}html{font-size:16px;}:root{--colors-primary-main:#E01A22;--colors-primary-dark:#B9091D;--colors-common-white:#FFFFFF;--colors-background-default:#FFFFFF;--colors-text-primary:#303840;--colors-info-main:#2670EE;--colors-info-light:#248EFF;--colors-warning-main:#FF8F1F;--colors-warning-dark:#C55307;--colors-success-main:#07883D;--colors-success-light:#0DB548;--colors-success-dark:#026930;--colors-error-main:#B9091D;--colors-colorBackground-primary-default:#FFFFFF;--colors-colorBackground-primary-hover:#F2F5F8;--colors-colorBackground-primary-active:#DCE0E5;--colors-colorBackground-secondary-default:#F2F5F8;--colors-colorBackground-secondary-hover:#BDC4CC;--colors-colorBackground-secondary-active:#DCE0E5;--colors-colorBackground-tertiary:#FEFAF0;--colors-colorBackground-overlay:rgba(48, 56, 64, 0.5);--colors-colorBackground-inverse-default:#303840;--colors-colorBackground-inverse-hover:#303840;--colors-colorBackground-inverse-active:#636C74;--colors-colorBackground-brand-default:#E01A22;--colors-colorBackground-brand-hover:#B9091D;--colors-colorBackground-brand-active:#960319;--colors-colorBackground-ghost-default:rgba(255, 255, 255, 0);--colors-colorBackground-ghost-hover:#FFFFFF26;--colors-colorBackground-ghost-active:#FFFFFF4C;--colors-colorForeground-primary:#303840;--colors-colorForeground-secondary:#636C74;--colors-colorForeground-inverse:#FFFFFF;--colors-colorForeground-brand:#E01A22;--colors-colorExtended-specials-default:#FEDC02;--colors-colorExtended-specials-hover:#ECC104;--colors-colorExtended-specials-active:#CE9E03;--colors-colorExtended-boughtbefore-default:#0347A0;--colors-colorExtended-boughtbefore-active:#E6F6FF;--colors-colorExtended-flybuys-light:#69E6FF;--colors-colorExtended-flybuys-mid:#0645FF;--colors-colorExtended-flybuys-dark:#03156C;--colors-colorExtended-charcoal:#323A41;--colors-colorExtended-focusState-default:#2670EE;--colors-colorExtended-focusState-inverse:#FFFFFF;--colors-colorExtended-new:#7FBA24;--colors-colorBorder-primary:#303840;--colors-colorBorder-secondary:#7E8791;--colors-colorBorder-tertiary:#DCE0E5;--colors-colorBorder-inverse:#FFFFFF;--colors-colorBorder-brand:#E01A22;--colors-colorBorder-quaternary:#F2F5F8;--colors-colorFeedback-warning-primary:#C55307;--colors-colorFeedback-warning-secondary:#FFF2E5;--colors-colorFeedback-success-primary-default:#07883D;--colors-colorFeedback-success-primary-active:#026930;--colors-colorFeedback-success-secondary:#EDFEEC;--colors-colorFeedback-error-primary:#C90E21;--colors-colorFeedback-error-secondary:#FFF0F0;--colors-colorFeedback-guidance-primary:#2670EE;--colors-colorFeedback-guidance-secondary:#E6F6FF;--colors-onColors-onBrand:#FFFFFF;--colors-onColors-onBoughtbefore:#FFFFFF;--colors-onColors-onFlybuys:#FFFFFF;--colors-onColors-onFeedback-primary:#FFFFFF;--colors-onColors-onFeedback-secondary:#303840;--colors-onColors-onSpecials:#303840;--borderRadius-sm:4px;--borderRadius-md:8px;--borderRadius-lg:16px;--borderRadius-round:9999px;--borderWidth-default:1px;--borderWidth-thick:2px;--shadows-sm:0px 4px 8px rgba(33, 33, 33, 0.12);--shadows-lg:0px 8px 16px rgba(33, 33, 33, 0.12);--typography-htmlFontSize:16;--typography-heading-fontFamily:"AvantGardeGothic",Arial,sans-serif;--typography-heading-fontFamilyBold:"AvantGardeGothic-bold","Arial Black",sans-serif;--typography-body-fontFamily:"SourceSansPro","Lucida Sans",sans-serif;}body,html{font-synthesis:none;}strong{font-family:var(--typography-body-fontFamily,"SourceSansPro","Lucida Sans",sans-serif);fontWeight:600;}</style><style data-emotion="css-global 1prfaxn">@-webkit-keyframes mui-auto-fill{from{display:block;}}@keyframes mui-auto-fill{from{display:block;}}@-webkit-keyframes mui-auto-fill-cancel{from{display:block;}}@keyframes mui-auto-fill-cancel{from{display:block;}}</style><style data-emotion="css-global animation-wiooy9">@-webkit-keyframes animation-wiooy9{0%{-webkit-transform:translateX(-100%);-moz-transform:translateX(-100%);-ms-transform:translateX(-100%);transform:translateX(-100%);}50%{-webkit-transform:translateX(100%);-moz-transform:translateX(100%);-ms-transform:translateX(100%);transform:translateX(100%);}100%{-webkit-transform:translateX(100%);-moz-transform:translateX(100%);-ms-transform:translateX(100%);transform:translateX(100%);}}@keyframes animation-wiooy9{0%{-webkit-transform:translateX(-100%);-moz-transform:translateX(-100%);-ms-transform:translateX(-100%);transform:translateX(-100%);}50%{-webkit-transform:translateX(100%);-moz-transform:translateX(100%);-ms-transform:translateX(100%);transform:translateX(100%);}100%{-webkit-transform:translateX(100%);-moz-transform:translateX(100%);-ms-transform:translateX(100%);transform:translateX(100%);}}</style><style data-emotion="css 1nyfbkh 10r2yfe 1wko10k hjcw4b 1q1wubo 1hnln7k 1d33m37 uf5jpq jr7ipb x22ppa 1nb931r 19gtqwc 17qa0m8 13yjhfq 1yddx3j aae3xl 1rbcp6x 2au14u 1q8lnpj 1016xm 5oq2zu jdrn8u j6r5o6 11565w3 1o9h09p 1eukx1d lnyvlk anlbw4 14g4q0u 1bg2zhk 10oor0f 1ldcebh 16xc58i a5l8w7 1b5w5uy whdprs 1xim81f 5vy7uj 8d0o3j zp8y1q sadr23 1iakz9p 1g9vpxu 1mkm2i1 9mpd1p 6d4s4t 1yfwi83 1466huz rvp98e l5xdra 1dh2mpg 1muvv7c 5jkdbu 1sdk1bv 1e7ut4r lqmr5 1dni9t8 pu6ast 1ts0hhk m3xpm2 y26824 15g2oxy 1qk38wv vrsrqt 1wcjd45 147e5lo 1nkidvm zfj58o 79elbk 8boes5 4ilwn8 1a59qno 16n8xtn 10oefb9 eyzank fnf5lc 1d05ks6 a6sib9 1yy9p6o 7g8o32 1b3dj01 5jeq1z 1y9gd21 v6b4e7 14cunc4 1fkzvjp 1bugksv 1l90rcn yn3if 287lt djkg3f lqht9r 1u97vvw w507g4 3x9xet vps133 xsesst">.css-1nyfbkh{position:relative;}.css-1nyfbkh .e1tv85wn0{z-index:1000;}.css-1nyfbkh .skip-to-content{position:absolute;top:1.5rem;left:0.5rem;}.css-10r2yfe{position:relative;border:0.0625rem solid transparent;margin:0;cursor:pointer;outline:none;text-align:left;-webkit-text-decoration:none;text-decoration:none;display:-webkit-inline-box;display:-webkit-inline-flex;display:-ms-inline-flexbox;display:inline-flex;-webkit-align-items:center;-webkit-box-align:center;-ms-flex-align:center;align-items:center;vertical-align:top;border-radius:var(--borderRadius-round, 9999px);border-color:var(--colors-colorBorder-primary, #303840);background:var(--colors-colorBackground-primary-default, var(--colors-background-default, #FFFFFF));color:var(--colors-colorForeground-primary, var(--colors-text-primary, #303840));padding:0.375rem 1rem;font-family:var(--typography-body_200_bold-fontFamily, var(--typography-body-fontFamily,"SourceSansPro","Lucida Sans",sans-serif));font-size:var(--typography-body_200_bold-fontSize, 0.875rem);line-height:var(--typography-body_200_bold-lineHeight, 1.25rem);font-weight:var(--typography-body_200_bold-fontWeight, 600);letter-spacing:var(--typography-body_200_bold-letterSpacing, 0.16px);font-style:var(--typography-body_200_bold-fontStyle, normal);position:absolute;z-index:1;-webkit-transform:translateY(-50%);-moz-transform:translateY(-50%);-ms-transform:translateY(-50%);transform:translateY(-50%);}.css-10r2yfe:focus{z-index:1;outline-color:transparent;box-shadow:0 0 0 2px var(--colors-colorBorder-inverse, var(--colors-common-white, #FFFFFF)),0 0 0 4px var(--colors-colorExtended-focusState-default, var(--colors-info-main, #2670EE));}.css-10r2yfe:focus:not(:focus-visible){box-shadow:none;}.css-10r2yfe:focus-visible{z-index:1;outline-color:transparent;box-shadow:0 0 0 2px var(--colors-colorBorder-inverse, var(--colors-common-white, #FFFFFF)),0 0 0 4px var(--colors-colorExtended-focusState-default, var(--colors-info-main, #2670EE));}.css-10r2yfe svg{color:var(--colors-colorForeground-primary, var(--colors-text-primary, #303840));}.css-10r2yfe .external-svg{background-color:var(--colors-colorForeground-primary, var(--colors-text-primary, #303840));}.css-10r2yfe:hover{background:var(--colors-colorBackground-primary-hover, #F2F5F8);}.css-10r2yfe:active{background:var(--colors-colorBackground-primary-active, #DCE0E5);}.css-10r2yfe:disabled,.css-10r2yfe:hover:disabled,.css-10r2yfe:focus:disabled,.css-10r2yfe.disabled,.css-10r2yfe.disabled:hover,.css-10r2yfe.disabled:focus{background:var(--colors-colorBackground-primary-default, var(--colors-background-default, #FFFFFF));opacity:0.25;}@media (hover:none){.css-10r2yfe:hover{background:var(--colors-colorBackground-primary-default, var(--colors-background-default, #FFFFFF));}.css-10r2yfe:active{background:var(--colors-colorBackground-primary-active, #DCE0E5);}}.css-10r2yfe img,.css-10r2yfe svg,.css-10r2yfe .external-svg{width:16px;height:16px;}.css-10r2yfe .indicator{position:absolute;padding:0.1875rem;min-width:0.375rem;height:0.375rem;top:-0.0625rem;left:0.625rem;}.css-10r2yfe:disabled,.css-10r2yfe.disabled{cursor:not-allowed;}.css-10r2yfe:not(:focus):not(:active){clip:rect(0 0 0 0);-webkit-clip-path:inset(50%);clip-path:inset(50%);height:1px;overflow:hidden;position:absolute;white-space:nowrap;width:1px;}.css-1wko10k{display:-webkit-inline-box;display:-webkit-inline-flex;display:-ms-inline-flexbox;display:inline-flex;-webkit-align-items:center;-webkit-box-align:center;-ms-flex-align:center;align-items:center;vertical-align:top;position:relative;width:100%;-webkit-box-pack:center;-ms-flex-pack:center;-webkit-justify-content:center;justify-content:center;white-space:nowrap;opacity:1;}.css-1wko10k svg,.css-1wko10k .external-svg{padding:0;}.css-hjcw4b{position:relative;z-index:999;background:white;}@media only screen and (min-width: 0) and (max-width: 612px) and (max-height: 400px){.css-hjcw4b .search-box-wrapper{opacity:1;-webkit-transition:opacity 0.1s 0.3s ease-in;transition:opacity 0.1s 0.3s ease-in;}}.css-1q1wubo{max-width:1440px;margin:0 auto;padding:0 0.75rem;}@media (min-width: 768px){.css-1q1wubo{padding:0 1.5rem;}}@media (min-width: 1024px){.css-1q1wubo{padding:0 2rem;}}@media (min-width: 1200px){.css-1q1wubo{padding:0 3rem;}}.css-1hnln7k{font-family:var(--typography-body_100-fontFamily, var(--typography-body-fontFamily,"SourceSansPro","Lucida Sans",sans-serif));font-size:var(--typography-body_100-fontSize, 0.75rem);line-height:var(--typography-body_100-lineHeight, 1rem);font-weight:var(--typography-body_100-fontWeight, 400);letter-spacing:var(--typography-body_100-letterSpacing, 0.32px);font-style:var(--typography-body_100-fontStyle, normal);display:grid;grid-template-areas:'hamburger logo mobile-spacer searchIcon user trolley';grid-template-columns:40px min-content 1fr 56px minmax(56px, auto) 56px;grid-template-rows:72px;-webkit-align-items:center;-webkit-box-align:center;-ms-flex-align:center;align-items:center;-webkit-column-gap:0;column-gap:0;}@media (max-width: 320px){.css-1hnln7k{grid-template-columns:40px min-content 1fr 56px 56px 56px;}}@media (min-width: 768px){.css-1hnln7k{grid-template-areas:'logo search-box brand-switcher user lists trolley';grid-template-columns:min-content 1fr repeat(2, 91px) 56px min-content;grid-template-rows:80px;-webkit-column-gap:6px;column-gap:6px;}}@media (max-width:320px){.css-1hnln7k{margin-left:-4px;}}@media (max-width:289px){.css-1hnln7k{overflow-x:auto;}}.css-1d33m37{position:relative;border:0.0625rem solid transparent;margin:0;cursor:pointer;outline:none;text-align:left;-webkit-text-decoration:none;text-decoration:none;display:-webkit-inline-box;display:-webkit-inline-flex;display:-ms-inline-flexbox;display:inline-flex;-webkit-align-items:center;-webkit-box-align:center;-ms-flex-align:center;align-items:center;vertical-align:top;border-radius:var(--borderRadius-round, 9999px);border-color:transparent;-webkit-text-decoration:none;text-decoration:none;background:transparent;color:var(--colors-colorForeground-primary, var(--colors-text-primary, #303840));padding:0.5rem 1.25rem;font-family:var(--typography-body_300_bold-fontFamily, var(--typography-body-fontFamily,"SourceSansPro","Lucida Sans",sans-serif));font-size:var(--typography-body_300_bold-fontSize, 1rem);line-height:var(--typography-body_300_bold-lineHeight, 1.5rem);font-weight:var(--typography-body_300_bold-fontWeight, 600);letter-spacing:var(--typography-body_300_bold-letterSpacing, 0px);font-style:var(--typography-body_300_bold-fontStyle, normal);padding:8px;grid-area:hamburger;}.css-1d33m37:focus{z-index:1;outline-color:transparent;box-shadow:0 0 0 2px var(--colors-colorBorder-inverse, var(--colors-common-white, #FFFFFF)),0 0 0 4px var(--colors-colorExtended-focusState-default, var(--colors-info-main, #2670EE));}.css-1d33m37:focus:not(:focus-visible){box-shadow:none;}.css-1d33m37:focus-visible{z-index:1;outline-color:transparent;box-shadow:0 0 0 2px var(--colors-colorBorder-inverse, var(--colors-common-white, #FFFFFF)),0 0 0 4px var(--colors-colorExtended-focusState-default, var(--colors-info-main, #2670EE));}.css-1d33m37 svg{color:var(--colors-colorForeground-primary, var(--colors-text-primary, #303840));}.css-1d33m37 .external-svg{background-color:var(--colors-colorForeground-primary, var(--colors-text-primary, #303840));}.css-1d33m37:hover{background:var(--colors-colorBackground-primary-hover, #F2F5F8);}.css-1d33m37:active{background:var(--colors-colorBackground-primary-active, #DCE0E5);}.css-1d33m37:disabled,.css-1d33m37:hover:disabled,.css-1d33m37:focus:disabled,.css-1d33m37.disabled,.css-1d33m37.disabled:hover,.css-1d33m37.disabled:focus{background:var(--colors-colorBackground-primary-default, var(--colors-background-default, #FFFFFF));opacity:0.25;}@media (hover:none){.css-1d33m37:hover{border-color:transparent;background:transparent;}.css-1d33m37:active{background:var(--colors-colorBackground-primary-active, #DCE0E5);border-color:transparent;}}.css-1d33m37 img,.css-1d33m37 svg,.css-1d33m37 .external-svg{width:20px;height:20px;}.css-1d33m37 .indicator{padding:0.25rem;min-width:0.5rem;height:0.5rem;position:absolute;top:-0.0625rem;left:0.8125rem;}.css-1d33m37:disabled,.css-1d33m37.disabled{cursor:not-allowed;}.css-1d33m37:focus:not(:focus-visible){box-shadow:none;z-index:initial;}.css-1d33m37:focus-visible{box-shadow:0 0 0 0.125rem var(--colors-colorExtended-focusState-default, var(--colors-info-main, #2670EE));z-index:1;}@media (min-width: 768px){.css-1d33m37{display:none;}}.css-uf5jpq{display:-webkit-inline-box;display:-webkit-inline-flex;display:-ms-inline-flexbox;display:inline-flex;-webkit-align-items:center;-webkit-box-align:center;-ms-flex-align:center;align-items:center;vertical-align:top;position:relative;width:100%;-webkit-box-pack:center;-ms-flex-pack:center;-webkit-justify-content:center;justify-content:center;white-space:nowrap;opacity:1;}.css-uf5jpq svg,.css-uf5jpq .external-svg{padding:0;}.css-uf5jpq svg:first-of-type,.css-uf5jpq .external-svg:first-of-type{margin:0;}.css-jr7ipb{grid-area:logo;height:24px;margin:0 4px;padding:2px;display:inline-table;border-radius:var(--borderRadius-sm, 4px);width:77.25px;}.css-jr7ipb:focus,.css-jr7ipb:focus-visible{outline:none;box-shadow:0 0 0 2px var(--colors-colorExtended-focusState-default, var(--colors-info-main, #2670EE));}.css-jr7ipb:focus:not(:focus-visible){outline:none;box-shadow:none;}.css-jr7ipb svg{height:24px;width:77.25px;}@media (min-width: 768px){.css-jr7ipb{height:32px;margin:0;}.css-jr7ipb svg{height:32px;width:103px;}}@media (max-width:319px){.css-jr7ipb{width:60px;}.css-jr7ipb svg{width:100%;}}.css-x22ppa{grid-area:mobile-spacer;}@media (min-width: 768px){.css-x22ppa{display:none;}}.css-1nb931r{grid-area:search-box;-webkit-align-self:start;-ms-flex-item-align:start;align-self:start;padding:0 0.5rem;position:relative;display:none;}@media (min-width: 768px){.css-1nb931r{display:inline-block;padding:1rem 1.625rem 0px;}.css-1nb931r .search-box-modal{position:absolute;top:0;left:0.1875rem;width:80vw;max-width:65.625rem;}}.css-19gtqwc{position:relative;height:3rem;width:100%;}@media (max-width: 767px){.css-19gtqwc{display:none;}}.css-19gtqwc .search-box-trigger{margin-top:0;background-color:var(--colors-colorBackground-secondary-default, #F2F5F8);padding-left:1.5rem;border-radius:var(--borderRadius-round, 9999px);}.css-19gtqwc .search-box-trigger.Mui-focused{border-color:var(--colors-colorFeedback-guidance-primary, var(--colors-info-main, #2670EE));border-width:2px;border-radius:var(--borderRadius-round, 9999px);}.css-19gtqwc .search-box-trigger:hover,.css-19gtqwc .search-box-trigger:active{background-color:var(--colors-colorBackground-primary-default, var(--colors-background-default, #FFFFFF));}.css-19gtqwc .search-box-trigger input::-webkit-input-placeholder{color:var(--colors-colorForeground-primary, var(--colors-text-primary, #303840));opacity:1;}.css-19gtqwc .search-box-trigger input::-moz-placeholder{color:var(--colors-colorForeground-primary, var(--colors-text-primary, #303840));opacity:1;}.css-19gtqwc .search-box-trigger input:-ms-input-placeholder{color:var(--colors-colorForeground-primary, var(--colors-text-primary, #303840));opacity:1;}.css-19gtqwc .search-box-trigger input::placeholder{color:var(--colors-colorForeground-primary, var(--colors-text-primary, #303840));opacity:1;}.css-19gtqwc .search-box-trigger input{padding-right:20px;width:calc(100% - 70px);}.css-19gtqwc label{clip:rect(0 0 0 0);-webkit-clip-path:inset(50%);clip-path:inset(50%);height:0.0625rem;overflow:hidden;position:absolute;white-space:nowrap;width:0.0625rem;}.css-17qa0m8{display:-webkit-inline-box;display:-webkit-inline-flex;display:-ms-inline-flexbox;display:inline-flex;-webkit-flex-direction:column;-ms-flex-direction:column;flex-direction:column;position:relative;min-width:0;padding:0;margin:0;border:0;vertical-align:top;width:100%;}.css-13yjhfq{font-family:var(--typography-body_300_bold-fontFamily, var(--typography-body-fontFamily,"SourceSansPro","Lucida Sans",sans-serif));font-size:var(--typography-body_300_bold-fontSize, 1rem);line-height:var(--typography-body_300_bold-lineHeight, 1.5rem);font-weight:var(--typography-body_300_bold-fontWeight, 600);letter-spacing:var(--typography-body_300_bold-letterSpacing, 0px);font-style:var(--typography-body_300_bold-fontStyle, normal);color:var(--colors-colorForeground-primary, var(--colors-text-primary, #303840));}.css-1yddx3j{font-family:"SourceSansPro","Lucida Sans",sans-serif;font-weight:400;font-size:1rem;line-height:1.4375em;color:#303840;box-sizing:border-box;position:relative;cursor:text;display:-webkit-inline-box;display:-webkit-inline-flex;display:-ms-inline-flexbox;display:inline-flex;-webkit-align-items:center;-webkit-box-align:center;-ms-flex-align:center;align-items:center;margin-top:0.5rem;height:3rem;padding:0.75rem 1rem;border-radius:var(--borderRadius-sm, 4px);background-color:var(--colors-colorBackground-primary-default, var(--colors-background-default, #FFFFFF));border:0.0625rem solid var(--colors-colorBorder-secondary, #7E8791);outline:none;}.css-1yddx3j.Mui-disabled{color:rgba(0, 0, 0, 0.38);cursor:default;}.css-1yddx3j:hover:not(.Mui-disabled){border-color:var(--colors-colorBorder-primary, #303840);}.css-1yddx3j input{font-family:var(--typography-body_300-fontFamily, var(--typography-body-fontFamily,"SourceSansPro","Lucida Sans",sans-serif));font-size:var(--typography-body_300-fontSize, 1rem);line-height:var(--typography-body_300-lineHeight, 1.5rem);font-weight:var(--typography-body_300-fontWeight, 400);letter-spacing:var(--typography-body_300-letterSpacing, 0px);font-style:var(--typography-body_300-fontStyle, normal);-moz-appearance:textfield;}.css-1yddx3j input::-webkit-outer-spin-button,.css-1yddx3j input::-webkit-inner-spin-button{-webkit-appearance:none;margin:0;}.css-1yddx3j.Mui-focused{border:0.125rem solid var(--colors-colorFeedback-guidance-primary, var(--colors-info-main, #2670EE));outline:0.0625rem solid transparent;}.css-1yddx3j.Mui-error{background:var(--colors-colorFeedback-error-secondary, #FFF0F0);border:0.0625rem solid var(--colors-colorFeedback-error-primary, var(--colors-error-main, #C90E21));outline:none;}.css-1yddx3j.Mui-error:focus,.css-1yddx3j.Mui-error:hover{border:0.0625rem solid var(--colors-colorFeedback-error-primary, var(--colors-error-main, #C90E21));}.css-1yddx3j.Mui-disabled{outline:0.0625rem solid var(--colors-colorBorder-tertiary, #DCE0E5);}.css-1yddx3j.Mui-disabled:hover,.css-1yddx3j.Mui-disabled *:hover{cursor:not-allowed;}.css-1yddx3j.Mui-disabled svg{color:currentColor;}.css-1yddx3j.MuiFormControl-fullWidth{max-width:100%;}.css-1yddx3j.MuiInputBase-adornedStart .MuiInputBase-input{padding-left:0.75rem;}.css-1yddx3j.MuiInputBase-adornedEnd .MuiInputBase-input{padding-right:0.75rem;}.css-1yddx3j.gIjjwS.Mui-error{background:var(--colors-colorFeedback-error-secondary, #FFF0F0);outline:0.0625rem solid var(--colors-colorFeedback-error-primary, var(--colors-error-main, #C90E21));}.css-aae3xl{font:inherit;letter-spacing:inherit;color:currentColor;padding:4px 0 5px;border:0;box-sizing:content-box;background:none;height:1.4375em;margin:0;-webkit-tap-highlight-color:transparent;display:block;min-width:0;width:100%;-webkit-animation-name:mui-auto-fill-cancel;animation-name:mui-auto-fill-cancel;-webkit-animation-duration:10ms;animation-duration:10ms;}.css-aae3xl::-webkit-input-placeholder{color:currentColor;opacity:0.42;-webkit-transition:opacity 200ms cubic-bezier(0.4, 0, 0.2, 1) 0ms;transition:opacity 200ms cubic-bezier(0.4, 0, 0.2, 1) 0ms;}.css-aae3xl::-moz-placeholder{color:currentColor;opacity:0.42;-webkit-transition:opacity 200ms cubic-bezier(0.4, 0, 0.2, 1) 0ms;transition:opacity 200ms cubic-bezier(0.4, 0, 0.2, 1) 0ms;}.css-aae3xl::-ms-input-placeholder{color:currentColor;opacity:0.42;-webkit-transition:opacity 200ms cubic-bezier(0.4, 0, 0.2, 1) 0ms;transition:opacity 200ms cubic-bezier(0.4, 0, 0.2, 1) 0ms;}.css-aae3xl:focus{outline:0;}.css-aae3xl:invalid{box-shadow:none;}.css-aae3xl::-webkit-search-decoration{-webkit-appearance:none;}label[data-shrink=false]+.MuiInputBase-formControl .css-aae3xl::-webkit-input-placeholder{opacity:0!important;}label[data-shrink=false]+.MuiInputBase-formControl .css-aae3xl::-moz-placeholder{opacity:0!important;}label[data-shrink=false]+.MuiInputBase-formControl .css-aae3xl::-ms-input-placeholder{opacity:0!important;}label[data-shrink=false]+.MuiInputBase-formControl .css-aae3xl:focus::-webkit-input-placeholder{opacity:0.42;}label[data-shrink=false]+.MuiInputBase-formControl .css-aae3xl:focus::-moz-placeholder{opacity:0.42;}label[data-shrink=false]+.MuiInputBase-formControl .css-aae3xl:focus::-ms-input-placeholder{opacity:0.42;}.css-aae3xl.Mui-disabled{opacity:1;-webkit-text-fill-color:rgba(0, 0, 0, 0.38);}.css-aae3xl:-webkit-autofill{-webkit-animation-duration:5000s;animation-duration:5000s;-webkit-animation-name:mui-auto-fill;animation-name:mui-auto-fill;}.css-1rbcp6x{color:rgba(0, 0, 0, 0.6);font-family:"SourceSansPro","Lucida Sans",sans-serif;font-weight:400;font-size:0.75rem;line-height:1.66;text-align:left;margin-top:3px;margin-right:0;margin-bottom:0;margin-left:0;margin-left:14px;margin-right:14px;}.css-1rbcp6x.Mui-disabled{color:rgba(0, 0, 0, 0.38);}.css-1rbcp6x.Mui-error{color:#B9091D;}.css-1rbcp6x.MuiFormHelperText-root{margin:0.5rem 0 0;font-family:var(--typography-body_100-fontFamily, var(--typography-body-fontFamily,"SourceSansPro","Lucida Sans",sans-serif));font-size:var(--typography-body_100-fontSize, 0.75rem);line-height:var(--typography-body_100-lineHeight, 1rem);font-weight:var(--typography-body_100-fontWeight, 400);letter-spacing:var(--typography-body_100-letterSpacing, 0.32px);font-style:var(--typography-body_100-fontStyle, normal);color:var(--colors-colorForeground-primary, var(--colors-text-primary, #303840));}.css-1rbcp6x.MuiFormHelperText-root.Mui-error{color:var(--colors-colorFeedback-error-primary, var(--colors-error-main, #C90E21));}.css-2au14u{z-index:2;position:absolute;top:50%;-webkit-transform:translateY(-50%);-moz-transform:translateY(-50%);-ms-transform:translateY(-50%);transform:translateY(-50%);right:10px;width:-webkit-max-content;width:-moz-max-content;width:max-content;display:-webkit-box;display:-webkit-flex;display:-ms-flexbox;display:flex;gap:4px;}.css-1q8lnpj{position:relative;border:0.0625rem solid transparent;margin:0;cursor:pointer;outline:none;text-align:left;-webkit-text-decoration:none;text-decoration:none;display:-webkit-inline-box;display:-webkit-inline-flex;display:-ms-inline-flexbox;display:inline-flex;-webkit-align-items:center;-webkit-box-align:center;-ms-flex-align:center;align-items:center;vertical-align:top;border-radius:var(--borderRadius-round, 9999px);border-color:transparent;-webkit-text-decoration:none;text-decoration:none;background:transparent;color:var(--colors-colorForeground-primary, var(--colors-text-primary, #303840));padding:0.375rem 1rem;font-family:var(--typography-body_200_bold-fontFamily, var(--typography-body-fontFamily,"SourceSansPro","Lucida Sans",sans-serif));font-size:var(--typography-body_200_bold-fontSize, 0.875rem);line-height:var(--typography-body_200_bold-lineHeight, 1.25rem);font-weight:var(--typography-body_200_bold-fontWeight, 600);letter-spacing:var(--typography-body_200_bold-letterSpacing, 0.16px);font-style:var(--typography-body_200_bold-fontStyle, normal);padding:8px;z-index:2;background:transparent;}.css-1q8lnpj:focus{z-index:1;outline-color:transparent;box-shadow:0 0 0 2px var(--colors-colorBorder-inverse, var(--colors-common-white, #FFFFFF)),0 0 0 4px var(--colors-colorExtended-focusState-default, var(--colors-info-main, #2670EE));}.css-1q8lnpj:focus:not(:focus-visible){box-shadow:none;}.css-1q8lnpj:focus-visible{z-index:1;outline-color:transparent;box-shadow:0 0 0 2px var(--colors-colorBorder-inverse, var(--colors-common-white, #FFFFFF)),0 0 0 4px var(--colors-colorExtended-focusState-default, var(--colors-info-main, #2670EE));}.css-1q8lnpj svg{color:var(--colors-colorForeground-primary, var(--colors-text-primary, #303840));}.css-1q8lnpj .external-svg{background-color:var(--colors-colorForeground-primary, var(--colors-text-primary, #303840));}.css-1q8lnpj:hover{background:var(--colors-colorBackground-primary-hover, #F2F5F8);}.css-1q8lnpj:active{background:var(--colors-colorBackground-primary-active, #DCE0E5);}.css-1q8lnpj:disabled,.css-1q8lnpj:hover:disabled,.css-1q8lnpj:focus:disabled,.css-1q8lnpj.disabled,.css-1q8lnpj.disabled:hover,.css-1q8lnpj.disabled:focus{background:var(--colors-colorBackground-primary-default, var(--colors-background-default, #FFFFFF));opacity:0.25;}@media (hover:none){.css-1q8lnpj:hover{border-color:transparent;background:transparent;}.css-1q8lnpj:active{background:var(--colors-colorBackground-primary-active, #DCE0E5);border-color:transparent;}}.css-1q8lnpj img,.css-1q8lnpj svg,.css-1q8lnpj .external-svg{width:16px;height:16px;}.css-1q8lnpj .indicator{position:absolute;padding:0.1875rem;min-width:0.375rem;height:0.375rem;top:-0.0625rem;left:0.625rem;}.css-1q8lnpj:disabled,.css-1q8lnpj.disabled{cursor:not-allowed;}.css-1q8lnpj:disabled,.css-1q8lnpj:hover:disabled,.css-1q8lnpj:focus:disabled{background:transparent;opacity:1;cursor:default;}.css-1016xm{font-family:var(--typography-body_100-fontFamily, var(--typography-body-fontFamily,"SourceSansPro","Lucida Sans",sans-serif));font-size:var(--typography-body_100-fontSize, 0.75rem);line-height:var(--typography-body_100-lineHeight, 1rem);font-weight:var(--typography-body_100-fontWeight, 400);letter-spacing:var(--typography-body_100-letterSpacing, 0.32px);font-style:var(--typography-body_100-fontStyle, normal);height:3.5rem;min-width:3.5rem;background:var(--colors-colorBackground-primary-default, var(--colors-background-default, #FFFFFF));border:none;border-radius:var(--borderRadius-sm, 4px);padding:1.5rem 0.125rem 0;text-align:center;color:var(--colors-colorForeground-primary, var(--colors-text-primary, #303840));position:relative;grid-area:searchIcon;display:none;opacity:0;-webkit-transition:opacity 0.3s ease-out;transition:opacity 0.3s ease-out;}.css-1016xm:focus,.css-1016xm:focus-visible{outline:none;box-shadow:0 0 0 0.125rem var(--colors-colorExtended-focusState-default, var(--colors-info-main, #2670EE)) inset;}.css-1016xm:focus:not(:focus-visible){outline:none;box-shadow:none;}.css-1016xm:hover{background:var(--colors-colorBackground-secondary-default, #F2F5F8);-webkit-text-decoration:underline;text-decoration:underline;cursor:pointer;}.css-1016xm:active{background:var(--colors-colorBackground-primary-active, #DCE0E5);}.css-1016xm::before{content:'';position:absolute;top:0.5rem;left:50%;-webkit-transform:translate(-50%,0);-moz-transform:translate(-50%,0);-ms-transform:translate(-50%,0);transform:translate(-50%,0);width:1.5rem;height:1.5rem;background-image:url('data:image/svg+xml;charset=utf8,%3Csvg%20data-rocket-comp%3D%22IconSearchOutline%22%20focusable%3D%22false%22%20xmlns%3D%22http%3A%2F%2Fwww.w3.org%2F2000%2Fsvg%22%20width%3D%2224%22%20height%3D%2224%22%20viewBox%3D%220%200%2024%2024%22%20color%3D%22currentColor%22%3E%3Cg%20fill%3D%22none%22%20fill-rule%3D%22evenodd%22%3E%3Cpath%20stroke%3D%22currentColor%22%20stroke-linecap%3D%22round%22%20stroke-linejoin%3D%22round%22%20stroke-width%3D%222%22%20vector-effect%3D%22non-scaling-stroke%22%20d%3D%22M21%2C21%20L15%2C15%20L21%2C21%20Z%20M10%2C3%20C6.13400675%2C3%203%2C6.13400675%203%2C10%20C3%2C13.8659932%206.13400675%2C17%2010%2C17%20C11.8565154%2C17%2013.6369928%2C16.2625021%2014.9497475%2C14.9497475%20C16.2625021%2C13.6369928%2017%2C11.8565154%2017%2C10%20C17%2C6.13400675%2013.8659932%2C3%2010%2C3%20Z%22%3E%3C%2Fpath%3E%3C%2Fg%3E%3C%2Fsvg%3E');}@media only screen and (min-width: 0) and (max-width: 612px) and (max-height: 400px){.css-1016xm{display:block;opacity:1;-webkit-transition:opacity 0.3s ease-in;transition:opacity 0.3s ease-in;}}@media (min-width: 0) and (max-width: 767px){.css-1016xm{display:block;opacity:1;-webkit-transition:opacity 0.3s ease-in;transition:opacity 0.3s ease-in;}}.css-5oq2zu{font-family:var(--typography-body_100-fontFamily, var(--typography-body-fontFamily,"SourceSansPro","Lucida Sans",sans-serif));font-size:var(--typography-body_100-fontSize, 0.75rem);line-height:var(--typography-body_100-lineHeight, 1rem);font-weight:var(--typography-body_100-fontWeight, 400);letter-spacing:var(--typography-body_100-letterSpacing, 0.32px);font-style:var(--typography-body_100-fontStyle, normal);height:3.5rem;min-width:3.5rem;background:var(--colors-colorBackground-primary-default, var(--colors-background-default, #FFFFFF));border:none;border-radius:var(--borderRadius-sm, 4px);padding:1.5rem 0.125rem 0;text-align:center;color:var(--colors-colorForeground-primary, var(--colors-text-primary, #303840));position:relative;grid-area:brand-switcher;}.css-5oq2zu:focus,.css-5oq2zu:focus-visible{outline:none;box-shadow:0 0 0 0.125rem var(--colors-colorExtended-focusState-default, var(--colors-info-main, #2670EE)) inset;}.css-5oq2zu:focus:not(:focus-visible){outline:none;box-shadow:none;}.css-5oq2zu:hover{background:var(--colors-colorBackground-secondary-default, #F2F5F8);-webkit-text-decoration:underline;text-decoration:underline;cursor:pointer;}.css-5oq2zu:active{background:var(--colors-colorBackground-primary-active, #DCE0E5);}.css-5oq2zu::before{content:'';position:absolute;top:0.5rem;left:50%;-webkit-transform:translate(-50%,0);-moz-transform:translate(-50%,0);-ms-transform:translate(-50%,0);transform:translate(-50%,0);width:1.5rem;height:1.5rem;background-image:url('data:image/svg+xml;charset=utf8,%3Csvg%20data-rocket-comp%3D%22IconTilesOutline%22%20focusable%3D%22false%22%20xmlns%3D%22http%3A%2F%2Fwww.w3.org%2F2000%2Fsvg%22%20width%3D%2224%22%20height%3D%2224%22%20viewBox%3D%220%200%2024%2024%22%20color%3D%22currentColor%22%3E%3Cg%20fill%3D%22none%22%20fill-rule%3D%22evenodd%22%3E%3Cpath%20stroke%3D%22currentColor%22%20stroke-linecap%3D%22round%22%20stroke-linejoin%3D%22round%22%20stroke-width%3D%222%22%20vector-effect%3D%22non-scaling-stroke%22%20d%3D%22M9%2C14%20C9.55228475%2C14%2010%2C14.4477153%2010%2C15%20L10%2C19%20C10%2C19.5522847%209.55228475%2C20%209%2C20%20L5%2C20%20C4.44771525%2C20%204%2C19.5522847%204%2C19%20L4%2C15%20C4%2C14.4477153%204.44771525%2C14%205%2C14%20L9%2C14%20Z%20M9%2C4%20C9.55228475%2C4%2010%2C4.44771525%2010%2C5%20L10%2C9%20C10%2C9.55228475%209.55228475%2C10%209%2C10%20L5%2C10%20C4.44771525%2C10%204%2C9.55228475%204%2C9%20L4%2C5%20C4%2C4.44771525%204.44771525%2C4%205%2C4%20L9%2C4%20Z%20M19%2C4%20C19.5522847%2C4%2020%2C4.44771525%2020%2C5%20L20%2C9%20C20%2C9.55228475%2019.5522847%2C10%2019%2C10%20L15%2C10%20C14.4477153%2C10%2014%2C9.55228475%2014%2C9%20L14%2C5%20C14%2C4.44771525%2014.4477153%2C4%2015%2C4%20L19%2C4%20Z%20M15%2C14%20L19%2C14%20C19.5522847%2C14%2020%2C14.4477153%2020%2C15%20L20%2C19%20C20%2C19.5522847%2019.5522847%2C20%2019%2C20%20L15%2C20%20C14.4477153%2C20%2014%2C19.5522847%2014%2C19%20L14%2C15%20C14%2C14.4477153%2014.4477153%2C14%2015%2C14%20Z%22%3E%3C%2Fpath%3E%3C%2Fg%3E%3C%2Fsvg%3E');}@media (min-width: 0) and (max-width: 767px){.css-5oq2zu{display:none;}}.css-jdrn8u{font-family:var(--typography-body_100-fontFamily, var(--typography-body-fontFamily,"SourceSansPro","Lucida Sans",sans-serif));font-size:var(--typography-body_100-fontSize, 0.75rem);line-height:var(--typography-body_100-lineHeight, 1rem);font-weight:var(--typography-body_100-fontWeight, 400);letter-spacing:var(--typography-body_100-letterSpacing, 0.32px);font-style:var(--typography-body_100-fontStyle, normal);height:3.5rem;min-width:3.5rem;background:var(--colors-colorBackground-primary-default, var(--colors-background-default, #FFFFFF));border:none;border-radius:var(--borderRadius-sm, 4px);padding:1.5rem 0.125rem 0;text-align:center;color:var(--colors-colorForeground-primary, var(--colors-text-primary, #303840));position:relative;grid-area:lists;}.css-jdrn8u:focus,.css-jdrn8u:focus-visible{outline:none;box-shadow:0 0 0 0.125rem var(--colors-colorExtended-focusState-default, var(--colors-info-main, #2670EE)) inset;}.css-jdrn8u:focus:not(:focus-visible){outline:none;box-shadow:none;}.css-jdrn8u:hover{background:var(--colors-colorBackground-secondary-default, #F2F5F8);-webkit-text-decoration:underline;text-decoration:underline;cursor:pointer;}.css-jdrn8u:active{background:var(--colors-colorBackground-primary-active, #DCE0E5);}.css-jdrn8u::before{content:'';position:absolute;top:0.5rem;left:50%;-webkit-transform:translate(-50%,0);-moz-transform:translate(-50%,0);-ms-transform:translate(-50%,0);transform:translate(-50%,0);width:1.5rem;height:1.5rem;background-image:url('data:image/svg+xml;charset=utf8,%3Csvg%20data-rocket-comp%3D%22IconListOutline%22%20focusable%3D%22false%22%20xmlns%3D%22http%3A%2F%2Fwww.w3.org%2F2000%2Fsvg%22%20width%3D%2224%22%20height%3D%2224%22%20viewBox%3D%220%200%2024%2024%22%20color%3D%22currentColor%22%3E%3Cg%20fill%3D%22none%22%20fill-rule%3D%22evenodd%22%3E%3Cpath%20stroke%3D%22currentColor%22%20stroke-linecap%3D%22round%22%20stroke-linejoin%3D%22round%22%20stroke-width%3D%222%22%20vector-effect%3D%22non-scaling-stroke%22%20d%3D%22M5%2C4%20L19%2C4%20L19%2C18%20C19%2C19.6568542%2017.6568542%2C21%2016%2C21%20L8%2C21%20C6.34314575%2C21%205%2C19.6568542%205%2C18%20L5%2C4%20L5%2C4%20Z%20M16%2C3%20L16%2C5%20M12%2C3%20L12%2C5%20M8%2C3%20L8%2C5%20M9%2C9%20L15%2C9%20M9%2C13%20L15%2C13%20M9%2C17%20L12%2C17%22%3E%3C%2Fpath%3E%3C%2Fg%3E%3C%2Fsvg%3E');}@media (min-width: 0) and (max-width: 767px){.css-jdrn8u{display:none;}}.css-jdrn8u .indicator{position:absolute;width:8px;height:8px;min-width:0;border:2px solid var(--colors-colorBackground-primary-default, var(--colors-background-default, #FFFFFF));box-sizing:content-box;padding:0;top:6px;right:14px;}.css-j6r5o6{position:relative;padding:0;}.css-j6r5o6 .e1cuih9t0{position:absolute;z-index:1;top:6px;left:50%;margin-left:10px;-webkit-transform:translateX(-50%);-moz-transform:translateX(-50%);-ms-transform:translateX(-50%);transform:translateX(-50%);}@media (min-width: 768px){.css-j6r5o6 .e1cuih9t0{left:33px;}}.css-11565w3{font-family:var(--typography-body_100-fontFamily, var(--typography-body-fontFamily,"SourceSansPro","Lucida Sans",sans-serif));font-size:var(--typography-body_100-fontSize, 0.75rem);line-height:var(--typography-body_100-lineHeight, 1rem);font-weight:var(--typography-body_100-fontWeight, 400);letter-spacing:var(--typography-body_100-letterSpacing, 0.32px);font-style:var(--typography-body_100-fontStyle, normal);height:56px;min-width:56px;background:var(--colors-colorBackground-primary-default, var(--colors-background-default, #FFFFFF));border:none;border-radius:var(--borderRadius-sm, 4px);padding:24px 2px 0;text-align:center;color:var(--colors-colorForeground-primary, var(--colors-text-primary, #303840));position:relative;}.css-11565w3:focus,.css-11565w3:focus-visible{outline:none;box-shadow:0 0 0 2px var(--colors-colorExtended-focusState-default, var(--colors-info-main, #2670EE)) inset;}.css-11565w3:focus:not(:focus-visible){outline:none;box-shadow:none;}.css-11565w3:hover{background:var(--colors-colorBackground-secondary-default, #F2F5F8);-webkit-text-decoration:underline;text-decoration:underline;cursor:pointer;}.css-11565w3:active{background:var(--colors-colorBorder-tertiary, #DCE0E5);}.css-11565w3::before{content:'';position:absolute;top:8px;left:50%;-webkit-transform:translate(-50%,0);-moz-transform:translate(-50%,0);-ms-transform:translate(-50%,0);transform:translate(-50%,0);width:24px;height:24px;background-image:url('data:image/svg+xml;charset=utf8,%3Csvg%20data-rocket-comp%3D%22IconCartOutline%22%20focusable%3D%22false%22%20xmlns%3D%22http%3A%2F%2Fwww.w3.org%2F2000%2Fsvg%22%20width%3D%2224%22%20height%3D%2224%22%20viewBox%3D%220%200%2024%2024%22%20color%3D%22currentColor%22%3E%3Cg%20fill%3D%22none%22%20fill-rule%3D%22evenodd%22%3E%3Cpath%20stroke%3D%22currentColor%22%20stroke-linecap%3D%22round%22%20stroke-linejoin%3D%22round%22%20stroke-width%3D%222%22%20vector-effect%3D%22non-scaling-stroke%22%20d%3D%22M8%2C22%20C8.55228475%2C22%209%2C21.5522847%209%2C21%20C9%2C20.4477153%208.55228475%2C20%208%2C20%20C7.44771525%2C20%207%2C20.4477153%207%2C21%20C7%2C21.5522847%207.44771525%2C22%208%2C22%20Z%20M18%2C22%20C18.5522847%2C22%2019%2C21.5522847%2019%2C21%20C19%2C20.4477153%2018.5522847%2C20%2018%2C20%20C17.4477153%2C20%2017%2C20.4477153%2017%2C21%20C17%2C21.5522847%2017.4477153%2C22%2018%2C22%20Z%20M2%2C3%20L4.5%2C3%20L6.68%2C14.39%20C6.86873697%2C15.3402315%207.71138394%2C16.0185624%208.68%2C16%20L17.4%2C16%20C18.3686161%2C16.0185624%2019.211263%2C15.3402315%2019.4%2C14.39%20L21%2C7%20L5.5%2C7%22%3E%3C%2Fpath%3E%3C%2Fg%3E%3C%2Fsvg%3E');}@media (min-width: 768px){.css-11565w3{display:none;}}.css-1o9h09p{position:relative;border:0.0625rem solid transparent;margin:0;cursor:pointer;outline:none;text-align:left;-webkit-text-decoration:none;text-decoration:none;display:-webkit-inline-box;display:-webkit-inline-flex;display:-ms-inline-flexbox;display:inline-flex;-webkit-align-items:center;-webkit-box-align:center;-ms-flex-align:center;align-items:center;vertical-align:top;border-radius:var(--borderRadius-round, 9999px);border-color:var(--colors-colorBackground-primary-active, #DCE0E5);background:var(--colors-colorBackground-primary-default, var(--colors-background-default, #FFFFFF));color:var(--colors-colorForeground-primary, var(--colors-text-primary, #303840));padding:0.5rem 1.25rem;font-family:var(--typography-body_300_bold-fontFamily, var(--typography-body-fontFamily,"SourceSansPro","Lucida Sans",sans-serif));font-size:var(--typography-body_300_bold-fontSize, 1rem);line-height:var(--typography-body_300_bold-lineHeight, 1.5rem);font-weight:var(--typography-body_300_bold-fontWeight, 600);letter-spacing:var(--typography-body_300_bold-letterSpacing, 0px);font-style:var(--typography-body_300_bold-fontStyle, normal);}.css-1o9h09p:focus{z-index:1;outline-color:transparent;box-shadow:0 0 0 2px var(--colors-colorBorder-inverse, var(--colors-common-white, #FFFFFF)),0 0 0 4px var(--colors-colorExtended-focusState-default, var(--colors-info-main, #2670EE));}.css-1o9h09p:focus:not(:focus-visible){box-shadow:none;}.css-1o9h09p:focus-visible{z-index:1;outline-color:transparent;box-shadow:0 0 0 2px var(--colors-colorBorder-inverse, var(--colors-common-white, #FFFFFF)),0 0 0 4px var(--colors-colorExtended-focusState-default, var(--colors-info-main, #2670EE));}.css-1o9h09p svg{color:var(--colors-colorForeground-primary, var(--colors-text-primary, #303840));}.css-1o9h09p .external-svg{background-color:var(--colors-colorForeground-primary, var(--colors-text-primary, #303840));}@media (hover:hover){.css-1o9h09p:hover{background:var(--colors-colorBackground-primary-hover, #F2F5F8);}.css-1o9h09p:hover .indicator{border-color:var(--colors-colorBackground-primary-hover, #F2F5F8);}}.css-1o9h09p:active{background:var(--colors-colorBackground-primary-active, #DCE0E5);}.css-1o9h09p:active .indicator{border-color:var(--colors-colorBackground-primary-active, #DCE0E5);}.css-1o9h09p:disabled,.css-1o9h09p:hover:disabled,.css-1o9h09p:focus:disabled,.css-1o9h09p.disabled,.css-1o9h09p.disabled:hover,.css-1o9h09p.disabled:focus{background:var(--colors-colorBackground-primary-default, var(--colors-background-default, #FFFFFF));opacity:0.25;}@media (hover:none){.css-1o9h09p:hover{border-color:var(--colors-colorBackground-primary-active, #DCE0E5);background:var(--colors-colorBackground-primary-default, var(--colors-background-default, #FFFFFF));}.css-1o9h09p:active{background:var(--colors-colorBackground-primary-active, #DCE0E5);}.css-1o9h09p:active .indicator{border-color:var(--colors-colorBackground-primary-active, #DCE0E5);}}.css-1o9h09p img,.css-1o9h09p svg,.css-1o9h09p .external-svg{width:20px;height:20px;}.css-1o9h09p .indicator{padding:0.25rem;min-width:0.5rem;height:0.5rem;position:absolute;top:-0.0625rem;left:0.8125rem;}.css-1o9h09p:disabled,.css-1o9h09p.disabled{cursor:not-allowed;}.css-1o9h09p:hover+.e1cuih9t0{border-color:var(--colors-colorBackground-secondary-default, #F2F5F8);}.css-1o9h09p:active+.e1cuih9t0{border-color:var(--colors-colorBorder-tertiary, #DCE0E5);}@media (min-width: 0) and (max-width: 767px){.css-1o9h09p{display:none;}}.css-1eukx1d{display:-webkit-inline-box;display:-webkit-inline-flex;display:-ms-inline-flexbox;display:inline-flex;-webkit-align-items:center;-webkit-box-align:center;-ms-flex-align:center;align-items:center;vertical-align:top;position:relative;width:100%;-webkit-box-pack:center;-ms-flex-pack:center;-webkit-justify-content:center;justify-content:center;white-space:nowrap;opacity:1;}.css-1eukx1d svg,.css-1eukx1d .external-svg{padding:0;}.css-1eukx1d svg:first-of-type,.css-1eukx1d .external-svg:first-of-type{margin:0 0.5rem 0 0;}.css-lnyvlk{z-index:2;}.css-anlbw4{background:white;-webkit-transform:translateY(0px);-moz-transform:translateY(0px);-ms-transform:translateY(0px);transform:translateY(0px);-webkit-transition:-webkit-transform 0.3s cubic-bezier(0.1, 0, 0.2, 1);transition:transform 0.3s cubic-bezier(0.1, 0, 0.2, 1);border-bottom:1px solid var(--colors-colorBorder-tertiary, #DCE0E5);}.css-anlbw4 .header-bottom-wrapper{-webkit-transition:opacity 0.1s 0.2s ease-in;transition:opacity 0.1s 0.2s ease-in;opacity:1;}@media only screen and (min-width: 0) and (max-width: 612px) and (max-height: 400px){.css-anlbw4{-webkit-transform:translateY(0px);-moz-transform:translateY(0px);-ms-transform:translateY(0px);transform:translateY(0px);-webkit-transition:-webkit-transform 0.3s cubic-bezier(0.1, 0, 0.2, 1);transition:transform 0.3s cubic-bezier(0.1, 0, 0.2, 1);border-bottom:1px solid var(--colors-colorBorder-tertiary, #DCE0E5);}.css-anlbw4 .header-bottom-wrapper{opacity:1;}}.css-14g4q0u{display:-webkit-box;display:-webkit-flex;display:-ms-flexbox;display:flex;-webkit-box-pack:justify;-webkit-justify-content:space-between;justify-content:space-between;-webkit-align-items:center;-webkit-box-align:center;-ms-flex-align:center;align-items:center;}@media (min-width: 0) and (max-width: 767px){.css-14g4q0u{padding-bottom:5px;}}@media (min-width: 768px){.css-14g4q0u{padding-top:8px;}}.css-1bg2zhk{display:-webkit-box;display:-webkit-flex;display:-ms-flexbox;display:flex;line-height:48px;margin-bottom:8px;margin-left:-12px;white-space:nowrap;}.css-1bg2zhk .nav-overflow{display:none;}.css-1bg2zhk .shop-categories{font-family:var(--typography-heading_200-fontFamily, var(--typography-heading-fontFamily,"AvantGardeGothic",Arial,sans-serif));font-size:var(--typography-heading_200-fontSize, 0.875rem);line-height:var(--typography-heading_200-lineHeight, 1.25rem);font-weight:var(--typography-heading_200-fontWeight, 700);letter-spacing:var(--typography-heading_200-letterSpacing, 0.16px);font-style:var(--typography-heading_200-fontStyle, normal);display:-webkit-box;display:-webkit-flex;display:-ms-flexbox;display:flex;-webkit-align-items:center;-webkit-box-align:center;-ms-flex-align:center;align-items:center;}.css-1bg2zhk .shop-categories svg{-webkit-flex-shrink:1;-ms-flex-negative:1;flex-shrink:1;}@media (min-width: 0) and (max-width: 767px){.css-1bg2zhk{display:none;}}@media (max-width: 1343px){.css-1bg2zhk li:nth-last-of-type(-n + 5){display:none;}.css-1bg2zhk li:last-child{display:-webkit-box;display:-webkit-list-item;display:-ms-list-itembox;display:list-item;}.css-1bg2zhk button{display:-webkit-inline-box;display:-webkit-inline-flex;display:-ms-inline-flexbox;display:inline-flex;height:48px;}}.css-1bg2zhk li{display:-webkit-box;display:-webkit-flex;display:-ms-flexbox;display:flex;-webkit-align-items:center;-webkit-box-align:center;-ms-flex-align:center;align-items:center;-webkit-box-pack:center;-ms-flex-pack:center;-webkit-justify-content:center;justify-content:center;}.css-10oor0f{position:relative;outline:none;display:-webkit-box;display:-webkit-flex;display:-ms-flexbox;display:flex;-webkit-column-gap:1rem;column-gap:1rem;-webkit-flex-shrink:0;-ms-flex-negative:0;flex-shrink:0;-webkit-align-items:center;-webkit-box-align:center;-ms-flex-align:center;align-items:center;-webkit-box-pack:start;-ms-flex-pack:start;-webkit-justify-content:flex-start;justify-content:flex-start;border-radius:0.5rem;padding:0.75rem 1rem;margin:0 0.5rem;font-family:var(--typography-body_300-fontFamily, var(--typography-body-fontFamily,"SourceSansPro","Lucida Sans",sans-serif));font-size:var(--typography-body_300-fontSize, 1rem);line-height:var(--typography-body_300-lineHeight, 1.5rem);font-weight:var(--typography-body_300-fontWeight, 400);letter-spacing:var(--typography-body_300-letterSpacing, 0px);font-style:var(--typography-body_300-fontStyle, normal);background:var(--colors-colorBackground-primary-default, var(--colors-background-default, #FFFFFF));color:var(--colors-colorForeground-primary, var(--colors-text-primary, #303840));font-family:var(--typography-body_300-fontFamily, var(--typography-body-fontFamily,"SourceSansPro","Lucida Sans",sans-serif));font-size:var(--typography-body_300-fontSize, 1rem);line-height:var(--typography-body_300-lineHeight, 1.5rem);font-weight:var(--typography-body_300-fontWeight, 400);letter-spacing:var(--typography-body_300-letterSpacing, 0px);font-style:var(--typography-body_300-fontStyle, normal);color:var(--colors-colorForeground-primary, var(--colors-text-primary, #303840));padding:12px;border-radius:var(--borderRadius-sm, 4px);margin:0 8px 0 0;position:relative;outline:none;-webkit-column-gap:0px;column-gap:0px;}.css-10oor0f svg{display:-webkit-inline-box;display:-webkit-inline-flex;display:-ms-inline-flexbox;display:inline-flex;-webkit-flex-shrink:0;-ms-flex-negative:0;flex-shrink:0;min-width:1.5rem;}.css-10oor0f svg.icon-end{margin-right:-0.5rem;}.css-10oor0f svg.coles-plus-logo{width:75px;}.css-10oor0f img{margin:-0.25rem 0;}.css-10oor0f .badge{margin-right:-0.5rem;font-size:0.875rem;}.css-10oor0f.is-special,.css-10oor0f.is-shop-categories{font-family:var(--typography-body_300_bold-fontFamily, var(--typography-body-fontFamily,"SourceSansPro","Lucida Sans",sans-serif));font-size:var(--typography-body_300_bold-fontSize, 1rem);line-height:var(--typography-body_300_bold-lineHeight, 1.5rem);font-weight:var(--typography-body_300_bold-fontWeight, 600);letter-spacing:var(--typography-body_300_bold-letterSpacing, 0px);font-style:var(--typography-body_300_bold-fontStyle, normal);margin:0;padding:0.75rem 0.75rem 0.75rem 1rem;}.css-10oor0f.is-special{background:var(--colors-colorExtended-specials-default, #FEDC02);border:0.125rem solid transparent;}.css-10oor0f.is-special:hover{background:var(--colors-colorExtended-specials-hover, #ECC104);}.css-10oor0f.is-special:active{background:var(--colors-colorExtended-specials-active, #CE9E03);}.css-10oor0f.is-special:focus{background:var(--colors-colorExtended-specials-default, #FEDC02);border:0.125rem solid var(--colors-colorExtended-specials-default, #FEDC02);box-shadow:0 0 0 0.125rem var(--colors-colorBorder-inverse, var(--colors-common-white, #FFFFFF)),0 0 0 0.25rem var(--colors-colorExtended-focusState-default, var(--colors-info-main, #2670EE));}.css-10oor0f.is-special:focus:not(:focus-visible){background:var(--colors-colorExtended-specials-default, #FEDC02);border:0.125rem solid transparent;box-shadow:none;}.css-10oor0f.is-special:focus-visible{background:var(--colors-colorExtended-specials-default, #FEDC02);border:0.125rem solid var(--colors-colorExtended-specials-default, #FEDC02);box-shadow:0 0 0 0.125rem var(--colors-colorBorder-inverse, var(--colors-common-white, #FFFFFF)),0 0 0 0.25rem var(--colors-colorExtended-focusState-default, var(--colors-info-main, #2670EE));}.css-10oor0f.is-shop-categories{background:var(--colors-colorBackground-primary-default, var(--colors-background-default, #FFFFFF));border:0.0625rem solid var(--colors-colorBorder-tertiary, #DCE0E5);}.css-10oor0f.is-shop-categories:hover{background:var(--colors-colorBackground-secondary-default, #F2F5F8);}.css-10oor0f.is-shop-categories:active{background:var(--colors-colorBackground-primary-active, #DCE0E5);}.css-10oor0f.is-shop-categories:focus{background:var(--colors-colorBackground-primary-default, var(--colors-background-default, #FFFFFF));border:0.0625rem solid var(--colors-colorBorder-tertiary, #DCE0E5);box-shadow:0 0 0 0.125rem var(--colors-colorBorder-inverse, var(--colors-common-white, #FFFFFF)),0 0 0 0.25rem var(--colors-colorExtended-focusState-default, var(--colors-info-main, #2670EE));}.css-10oor0f.is-shop-categories:focus:not(:focus-visible){background:var(--colors-colorBackground-primary-default, var(--colors-background-default, #FFFFFF));border:0.0625rem solid var(--colors-colorBorder-tertiary, #DCE0E5);box-shadow:none;}.css-10oor0f.is-shop-categories:focus-visible{background:var(--colors-colorBackground-primary-default, var(--colors-background-default, #FFFFFF));border:0.0625rem solid var(--colors-colorBorder-tertiary, #DCE0E5);box-shadow:0 0 0 0.125rem var(--colors-colorBorder-inverse, var(--colors-common-white, #FFFFFF)),0 0 0 0.25rem var(--colors-colorExtended-focusState-default, var(--colors-info-main, #2670EE));}.css-10oor0f.is-active{background:var(--colors-colorBackground-primary-hover, #F2F5F8);}.css-10oor0f.is-active:before{content:'';width:0.1875rem;height:100%;display:block;background:var(--colors-colorBackground-brand-default, var(--colors-primary-main, #E01A22));position:absolute;left:-0.5rem;}.css-10oor0f.is-active.with-badge:before{display:none;}.css-10oor0f.is-active.with-badge .badge{background-color:var(--colors-colorBackground-brand-default, var(--colors-primary-main, #E01A22));color:var(--colors-colorForeground-inverse, var(--colors-common-white, #FFFFFF));}.css-10oor0f.with-indent-l{padding-left:4rem;}.css-10oor0f.with-indent-m{padding-left:3rem;}.css-10oor0f.is-bold{font-family:var(--typography-body_300_bold-fontFamily, var(--typography-body-fontFamily,"SourceSansPro","Lucida Sans",sans-serif));font-size:var(--typography-body_300_bold-fontSize, 1rem);line-height:var(--typography-body_300_bold-lineHeight, 1.5rem);font-weight:var(--typography-body_300_bold-fontWeight, 600);letter-spacing:var(--typography-body_300_bold-letterSpacing, 0px);font-style:var(--typography-body_300_bold-fontStyle, normal);}.css-10oor0f:hover{background:var(--colors-colorBackground-primary-hover, #F2F5F8);}.css-10oor0f:hover .ei73wie0{-webkit-text-decoration:underline;text-decoration:underline;}.css-10oor0f:active{background:var(--colors-colorBackground-primary-active, #DCE0E5);}.css-10oor0f:focus{box-shadow:0 0 0 0.125rem var(--colors-colorExtended-focusState-default, var(--colors-info-main, #2670EE)) inset;}.css-10oor0f:focus:not(:focus-visible){box-shadow:none;}.css-10oor0f:focus-visible{box-shadow:0 0 0 0.125rem var(--colors-colorExtended-focusState-default, var(--colors-info-main, #2670EE)) inset;}.show-as-pills .css-10oor0f{border-radius:9999px;display:-webkit-inline-box;display:-webkit-inline-flex;display:-ms-inline-flexbox;display:inline-flex;padding:0.4375rem 1.25rem;margin:0;border:0.0625rem var(--colors-colorBorder-tertiary, #DCE0E5) solid;font-family:var(--typography-body_300_bold-fontFamily, var(--typography-body-fontFamily,"SourceSansPro","Lucida Sans",sans-serif));font-size:var(--typography-body_300_bold-fontSize, 1rem);line-height:var(--typography-body_300_bold-lineHeight, 1.5rem);font-weight:var(--typography-body_300_bold-fontWeight, 600);letter-spacing:var(--typography-body_300_bold-letterSpacing, 0px);font-style:var(--typography-body_300_bold-fontStyle, normal);}.show-as-pills .css-10oor0f .badge{background:none;padding:0.125rem 0;min-width:auto;margin:0 0 0 0.5rem;color:var(--colors-colorForeground-secondary, #636C74);font-family:var(--typography-body_300_bold-fontFamily, var(--typography-body-fontFamily,"SourceSansPro","Lucida Sans",sans-serif));font-size:var(--typography-body_300_bold-fontSize, 1rem);line-height:var(--typography-body_300_bold-lineHeight, 1.5rem);font-weight:var(--typography-body_300_bold-fontWeight, 600);letter-spacing:var(--typography-body_300_bold-letterSpacing, 0px);font-style:var(--typography-body_300_bold-fontStyle, normal);}.show-as-pills .css-10oor0f .icon-end{display:none;}.show-as-pills .css-10oor0f.is-active{background-color:var(--colors-colorBackground-inverse-default, #303840);border-color:var(--colors-colorBorder-primary, #303840);color:var(--colors-colorForeground-inverse, var(--colors-common-white, #FFFFFF));}.show-as-pills .css-10oor0f.is-active:before{display:none;}.show-as-pills .css-10oor0f.is-active .badge{background:none;}.show-as-pills .css-10oor0f:focus-visible{outline-offset:0.125rem;outline:0.125rem solid var(--colors-colorExtended-focusState-default, var(--colors-info-main, #2670EE));box-shadow:0px 0px 0px 0.375rem rgb(255 255 255 / 90%);border-radius:var(--borderRadius-sm, 4px);}.show-as-pills .css-10oor0f:focus{box-shadow:none;}.show-as-pills .css-10oor0f:focus:after,.show-as-pills .css-10oor0f:focus:before{border-width:0.125rem;border-radius:9999px;}.show-as-pills .css-10oor0f:focus:after{margin:-0.3125rem;}.show-as-pills .css-10oor0f:focus:before{margin:-0.4375rem;}.css-10oor0f:hover{background:var(--colors-colorBackground-primary-hover, #F2F5F8);-webkit-text-decoration:underline;text-decoration:underline;}.css-10oor0f:active{background:var(--colors-colorBackground-primary-active, #DCE0E5);}.css-10oor0f:focus{box-shadow:0 0 0 2px var(--colors-colorExtended-focusState-default, var(--colors-info-main, #2670EE));z-index:1;}.css-10oor0f:focus:not(:focus-visible){box-shadow:none;z-index:initial;}.css-10oor0f:focus-visible{box-shadow:0 0 0 2px var(--colors-colorExtended-focusState-default, var(--colors-info-main, #2670EE));z-index:1;}.css-10oor0f svg{color:var(--colors-colorForeground-brand, var(--colors-primary-main, #E01A22));margin-right:0.5rem;}.css-10oor0f:hover .ei73wie0{-webkit-text-decoration:none;text-decoration:none;}.css-10oor0f#colesPlus:hover{-webkit-text-decoration:none;text-decoration:none;}.css-1ldcebh{display:-webkit-box;display:-webkit-flex;display:-ms-flexbox;display:flex;width:100%;-webkit-box-pack:justify;-webkit-justify-content:space-between;justify-content:space-between;}.css-1ldcebh svg{pointer-events:none;}.css-16xc58i{position:relative;border:0.0625rem solid transparent;margin:0;cursor:pointer;outline:none;text-align:left;-webkit-text-decoration:none;text-decoration:none;display:-webkit-inline-box;display:-webkit-inline-flex;display:-ms-inline-flexbox;display:inline-flex;-webkit-align-items:center;-webkit-box-align:center;-ms-flex-align:center;align-items:center;vertical-align:top;border-radius:var(--borderRadius-md, 8px);background:var(--colors-colorBackground-primary-default, var(--colors-background-default, #FFFFFF));color:var(--colors-colorForeground-primary, var(--colors-text-primary, #303840));padding:0.5rem 1.25rem;font-family:var(--typography-body_300_bold-fontFamily, var(--typography-body-fontFamily,"SourceSansPro","Lucida Sans",sans-serif));font-size:var(--typography-body_300_bold-fontSize, 1rem);line-height:var(--typography-body_300_bold-lineHeight, 1.5rem);font-weight:var(--typography-body_300_bold-fontWeight, 600);letter-spacing:var(--typography-body_300_bold-letterSpacing, 0px);font-style:var(--typography-body_300_bold-fontStyle, normal);font-family:var(--typography-body_300-fontFamily, var(--typography-body-fontFamily,"SourceSansPro","Lucida Sans",sans-serif));font-size:var(--typography-body_300-fontSize, 1rem);line-height:var(--typography-body_300-lineHeight, 1.5rem);font-weight:var(--typography-body_300-fontWeight, 400);letter-spacing:var(--typography-body_300-letterSpacing, 0px);font-style:var(--typography-body_300-fontStyle, normal);padding-left:12px;padding-right:12px;}.css-16xc58i:focus{z-index:1;outline-color:transparent;box-shadow:0 0 0 2px var(--colors-colorBorder-inverse, var(--colors-common-white, #FFFFFF)),0 0 0 4px var(--colors-colorExtended-focusState-default, var(--colors-info-main, #2670EE));}.css-16xc58i:focus:not(:focus-visible){box-shadow:none;}.css-16xc58i:focus-visible{z-index:1;outline-color:transparent;box-shadow:0 0 0 2px var(--colors-colorBorder-inverse, var(--colors-common-white, #FFFFFF)),0 0 0 4px var(--colors-colorExtended-focusState-default, var(--colors-info-main, #2670EE));}.css-16xc58i svg{color:var(--colors-colorForeground-primary, var(--colors-text-primary, #303840));}.css-16xc58i .external-svg{background-color:var(--colors-colorForeground-primary, var(--colors-text-primary, #303840));}.css-16xc58i:hover{background:var(--colors-colorBackground-primary-hover, #F2F5F8);}.css-16xc58i:active{background:var(--colors-colorBackground-primary-active, #DCE0E5);}.css-16xc58i:focus{z-index:1;outline-color:transparent;box-shadow:0 0 0 2px var(--colors-colorExtended-focusState-default, var(--colors-info-main, #2670EE)),0 0 0 4px var(--colors-colorBorder-inverse, var(--colors-common-white, #FFFFFF));}.css-16xc58i:focus:not(:focus-visible){box-shadow:none;}.css-16xc58i:focus-visible{z-index:1;outline-color:transparent;box-shadow:0 0 0 2px var(--colors-colorExtended-focusState-default, var(--colors-info-main, #2670EE)),0 0 0 4px var(--colors-colorBorder-inverse, var(--colors-common-white, #FFFFFF));}.css-16xc58i:disabled,.css-16xc58i:hover:disabled,.css-16xc58i:focus:disabled,.css-16xc58i.disabled,.css-16xc58i.disabled:hover,.css-16xc58i.disabled:focus{background:var(--colors-colorBackground-primary-default, var(--colors-background-default, #FFFFFF));opacity:0.25;}@media (hover:none){.css-16xc58i:hover{background:var(--colors-colorBackground-primary-default, var(--colors-background-default, #FFFFFF));}.css-16xc58i:active{background:var(--colors-colorBackground-primary-active, #DCE0E5);}}.css-16xc58i img,.css-16xc58i svg,.css-16xc58i .external-svg{width:20px;height:20px;}.css-16xc58i .indicator{padding:0.25rem;min-width:0.5rem;height:0.5rem;position:absolute;top:-0.0625rem;left:0.8125rem;}.css-16xc58i:disabled,.css-16xc58i.disabled{cursor:not-allowed;}.css-a5l8w7{display:-webkit-inline-box;display:-webkit-inline-flex;display:-ms-inline-flexbox;display:inline-flex;-webkit-align-items:center;-webkit-box-align:center;-ms-flex-align:center;align-items:center;vertical-align:top;position:relative;width:100%;-webkit-box-pack:center;-ms-flex-pack:center;-webkit-justify-content:center;justify-content:center;white-space:nowrap;opacity:1;}.css-a5l8w7 svg,.css-a5l8w7 .external-svg{padding:0;}.css-a5l8w7 svg:last-child,.css-a5l8w7 .external-svg:last-child{margin:0 0 0 0.5rem;}.css-1b5w5uy{margin-bottom:8px;}@media (max-width: 767px){.css-1b5w5uy{width:100%;margin:0;}}.css-whdprs{position:relative;border:0.0625rem solid transparent;margin:0;cursor:pointer;outline:none;text-align:left;-webkit-text-decoration:none;text-decoration:none;display:-webkit-inline-box;display:-webkit-inline-flex;display:-ms-inline-flexbox;display:inline-flex;-webkit-align-items:center;-webkit-box-align:center;-ms-flex-align:center;align-items:center;vertical-align:top;border-radius:var(--borderRadius-md, 8px);background:var(--colors-colorBackground-primary-default, var(--colors-background-default, #FFFFFF));color:var(--colors-colorForeground-primary, var(--colors-text-primary, #303840));padding:0.5rem 1.25rem;font-family:var(--typography-body_300_bold-fontFamily, var(--typography-body-fontFamily,"SourceSansPro","Lucida Sans",sans-serif));font-size:var(--typography-body_300_bold-fontSize, 1rem);line-height:var(--typography-body_300_bold-lineHeight, 1.5rem);font-weight:var(--typography-body_300_bold-fontWeight, 600);letter-spacing:var(--typography-body_300_bold-letterSpacing, 0px);font-style:var(--typography-body_300_bold-fontStyle, normal);font-family:var(--typography-body_300-fontFamily, var(--typography-body-fontFamily,"SourceSansPro","Lucida Sans",sans-serif));font-size:var(--typography-body_300-fontSize, 1rem);line-height:var(--typography-body_300-lineHeight, 1.5rem);font-weight:var(--typography-body_300-fontWeight, 400);letter-spacing:var(--typography-body_300-letterSpacing, 0px);font-style:var(--typography-body_300-fontStyle, normal);padding-left:0.75rem;padding-right:0.75rem;height:3rem;z-index:4!important;position:relative;}.css-whdprs:focus{z-index:1;outline-color:transparent;box-shadow:0 0 0 2px var(--colors-colorBorder-inverse, var(--colors-common-white, #FFFFFF)),0 0 0 4px var(--colors-colorExtended-focusState-default, var(--colors-info-main, #2670EE));}.css-whdprs:focus:not(:focus-visible){box-shadow:none;}.css-whdprs:focus-visible{z-index:1;outline-color:transparent;box-shadow:0 0 0 2px var(--colors-colorBorder-inverse, var(--colors-common-white, #FFFFFF)),0 0 0 4px var(--colors-colorExtended-focusState-default, var(--colors-info-main, #2670EE));}.css-whdprs svg{color:var(--colors-colorForeground-primary, var(--colors-text-primary, #303840));}.css-whdprs .external-svg{background-color:var(--colors-colorForeground-primary, var(--colors-text-primary, #303840));}.css-whdprs:hover{background:var(--colors-colorBackground-primary-hover, #F2F5F8);}.css-whdprs:active{background:var(--colors-colorBackground-primary-active, #DCE0E5);}.css-whdprs:focus{z-index:1;outline-color:transparent;box-shadow:0 0 0 2px var(--colors-colorExtended-focusState-default, var(--colors-info-main, #2670EE)),0 0 0 4px var(--colors-colorBorder-inverse, var(--colors-common-white, #FFFFFF));}.css-whdprs:focus:not(:focus-visible){box-shadow:none;}.css-whdprs:focus-visible{z-index:1;outline-color:transparent;box-shadow:0 0 0 2px var(--colors-colorExtended-focusState-default, var(--colors-info-main, #2670EE)),0 0 0 4px var(--colors-colorBorder-inverse, var(--colors-common-white, #FFFFFF));}.css-whdprs:disabled,.css-whdprs:hover:disabled,.css-whdprs:focus:disabled,.css-whdprs.disabled,.css-whdprs.disabled:hover,.css-whdprs.disabled:focus{background:var(--colors-colorBackground-primary-default, var(--colors-background-default, #FFFFFF));opacity:0.25;}@media (hover:none){.css-whdprs:hover{background:var(--colors-colorBackground-primary-default, var(--colors-background-default, #FFFFFF));}.css-whdprs:active{background:var(--colors-colorBackground-primary-active, #DCE0E5);}}.css-whdprs img,.css-whdprs svg,.css-whdprs .external-svg{width:20px;height:20px;}.css-whdprs .indicator{padding:0.25rem;min-width:0.5rem;height:0.5rem;position:absolute;top:-0.0625rem;left:0.8125rem;}.css-whdprs:disabled,.css-whdprs.disabled{cursor:not-allowed;}.css-whdprs svg:first-of-type{color:var(--colors-colorForeground-brand, var(--colors-primary-main, #E01A22));}@media (min-width: 768px){.css-whdprs span{max-width:9.375rem;white-space:nowrap;overflow:hidden;text-overflow:ellipsis;}}@media (min-width:890px){.css-whdprs span{max-width:15.625rem;}}@media (max-width: 767px){.css-whdprs{font-family:var(--typography-body_200-fontFamily, var(--typography-body-fontFamily,"SourceSansPro","Lucida Sans",sans-serif));font-size:var(--typography-body_200-fontSize, 0.875rem);line-height:var(--typography-body_200-lineHeight, 1.25rem);font-weight:var(--typography-body_200-fontWeight, 400);letter-spacing:var(--typography-body_200-letterSpacing, 0.16px);font-style:var(--typography-body_200-fontStyle, normal);display:-webkit-box;display:-webkit-flex;display:-ms-flexbox;display:flex;-webkit-box-pack:start;-ms-flex-pack:start;-webkit-justify-content:flex-start;justify-content:flex-start;width:100%;padding:0.5rem;}.css-whdprs span{width:100%;}}.css-1xim81f{display:-webkit-inline-box;display:-webkit-inline-flex;display:-ms-inline-flexbox;display:inline-flex;-webkit-align-items:center;-webkit-box-align:center;-ms-flex-align:center;align-items:center;vertical-align:top;position:relative;width:100%;-webkit-box-pack:center;-ms-flex-pack:center;-webkit-justify-content:center;justify-content:center;white-space:nowrap;opacity:1;}.css-1xim81f svg,.css-1xim81f .external-svg{padding:0;}.css-1xim81f svg:first-of-type,.css-1xim81f .external-svg:first-of-type{margin:0 0.5rem 0 0;}.css-1xim81f svg:last-child,.css-1xim81f .external-svg:last-child{margin:0 0 0 0.5rem;}.css-5vy7uj{scroll-margin-top:200px;}@media (max-width: 1023px){.css-5vy7uj{padding-bottom:1.5rem;}}@media (min-width: 1024px){.css-5vy7uj{padding-bottom:3rem;}}.css-8d0o3j{margin-top:1.25rem;}@media (max-width: 1023px){.css-8d0o3j .coles-targeting-PromoBannerWrapper{margin-bottom:0;}}.css-zp8y1q{display:grid;max-width:1440px;grid-template-columns:1fr;-webkit-column-gap:1rem;column-gap:1rem;padding:0 1.5rem 0;margin:0 auto;}@media (min-width: 768px){.css-zp8y1q{padding:0 1.5rem 0;}}@media (min-width: 1024px){.css-zp8y1q{-webkit-column-gap:1.5rem;column-gap:1.5rem;grid-template-columns:16.125rem 1fr;padding:0 2rem 3rem;}.css-zp8y1q.is-ep-landing{grid-template-columns:auto;}.css-zp8y1q .e1koisbx0{margin-left:-1.5rem;}}@media (min-width: 1200px){.css-zp8y1q{padding:0 3rem 3rem;grid-template-columns:17.25rem 1fr;}}.css-sadr23{grid-column:1;min-width:0;padding-bottom:1.5rem;}@media (max-width: 1023px){.css-sadr23.current-level-3 .show-as-pills{display:none;}}.is-search .css-sadr23,.is-pcp-landing .css-sadr23,.is-ep-landing .css-sadr23,.is-on-special .css-sadr23{padding-bottom:0;}@media (min-width: 1024px){.css-sadr23{padding-top:3rem;padding-right:0.5rem;}}.css-1iakz9p{padding:24px 0 0 0;}.css-1iakz9p h1{padding:20px 0 24px 0;color:var(--colors-colorForeground-primary, var(--colors-text-primary, #303840));font-family:var(--typography-heading_600-fontFamily, var(--typography-heading-fontFamily,"AvantGardeGothic",Arial,sans-serif));font-size:var(--typography-heading_600-fontSize, 1.5rem);line-height:var(--typography-heading_600-lineHeight, 2rem);font-weight:var(--typography-heading_600-fontWeight, 700);letter-spacing:var(--typography-heading_600-letterSpacing, 0px);font-style:var(--typography-heading_600-fontStyle, normal);}@media (min-width: 1024px){.css-1iakz9p{padding:0 0 32px 0;}.css-1iakz9p h1{font-family:var(--typography-heading_700-fontFamily, var(--typography-heading-fontFamily,"AvantGardeGothic",Arial,sans-serif));font-size:var(--typography-heading_700-fontSize, 2rem);line-height:var(--typography-heading_700-lineHeight, 2.5rem);font-weight:var(--typography-heading_700-fontWeight, 700);letter-spacing:var(--typography-heading_700-letterSpacing, 0px);font-style:var(--typography-heading_700-fontStyle, normal);padding-bottom:32px;}}@media (min-width: 1024px){.ev18bd70 .css-1iakz9p h1{display:none;}}.css-1g9vpxu{display:-webkit-box;display:-webkit-flex;display:-ms-flexbox;display:flex;-webkit-flex-direction:column;-ms-flex-direction:column;flex-direction:column;}.css-1g9vpxu >h1{padding:1.5rem 0;}@media (min-width: 1024px){.css-1g9vpxu{-webkit-flex-direction:column;-ms-flex-direction:column;flex-direction:column;padding-right:16px;}.css-1g9vpxu >h1{padding:1.25rem 0 3rem;}}@media (max-width: 1023px){.css-1g9vpxu >h1{padding:1rem 0;}}.css-1mkm2i1{position:relative;outline:none;border:0px;font-family:var(--typography-body_300-fontFamily, var(--typography-body-fontFamily,"SourceSansPro","Lucida Sans",sans-serif));font-size:var(--typography-body_300-fontSize, 1rem);line-height:var(--typography-body_300-lineHeight, 1.5rem);font-weight:var(--typography-body_300-fontWeight, 400);letter-spacing:var(--typography-body_300-letterSpacing, 0px);font-style:var(--typography-body_300-fontStyle, normal);color:var(--colors-colorForeground-brand, var(--colors-primary-main, #E01A22));-webkit-text-decoration:underline;text-decoration:underline;}.css-1mkm2i1 svg{vertical-align:middle;width:16px;height:16px;}.css-1mkm2i1:focus-visible{outline-offset:0.125rem;outline:0.125rem solid var(--colors-colorExtended-focusState-default, var(--colors-info-main, #2670EE));box-shadow:0px 0px 0px 0.375rem rgb(255 255 255 / 90%);border-radius:var(--borderRadius-sm, 4px);}.css-1mkm2i1:hover{-webkit-text-decoration:none;text-decoration:none;}.css-1mkm2i1:active{color:var(--colors-colorForeground-primary, var(--colors-text-primary, #303840));-webkit-text-decoration:none;text-decoration:none;}.css-9mpd1p.show-as-pills{padding:0.25rem;margin-left:-0.5rem;white-space:nowrap;}.css-9mpd1p hr{background-color:var(--colors-colorBorder-tertiary, #DCE0E5);margin:1.5rem 0;border:solid 0px var(--colors-colorBorder-tertiary, #DCE0E5);border-top-width:1px;}.css-6d4s4t{list-style:none;padding:0;}.css-6d4s4t li{margin-bottom:0.5rem;}.show-as-pills .css-6d4s4t li{margin-bottom:0;display:inline-block;-webkit-user-select:none;-moz-user-select:none;-ms-user-select:none;user-select:none;padding:0.25rem;}.css-6d4s4t.brand-switcher-wrapper{margin-top:0.5rem;}.css-6d4s4t.css-6d4s4t a[role='link'],.css-6d4s4t.css-6d4s4t .is-special{height:3rem;border:0;padding:0.75rem 1rem;margin:0 0.5rem;}.css-1yfwi83{position:relative;outline:none;display:-webkit-box;display:-webkit-flex;display:-ms-flexbox;display:flex;-webkit-column-gap:1rem;column-gap:1rem;-webkit-flex-shrink:0;-ms-flex-negative:0;flex-shrink:0;-webkit-align-items:center;-webkit-box-align:center;-ms-flex-align:center;align-items:center;-webkit-box-pack:start;-ms-flex-pack:start;-webkit-justify-content:flex-start;justify-content:flex-start;border-radius:0.5rem;padding:0.75rem 1rem;margin:0 0.5rem;font-family:var(--typography-body_300-fontFamily, var(--typography-body-fontFamily,"SourceSansPro","Lucida Sans",sans-serif));font-size:var(--typography-body_300-fontSize, 1rem);line-height:var(--typography-body_300-lineHeight, 1.5rem);font-weight:var(--typography-body_300-fontWeight, 400);letter-spacing:var(--typography-body_300-letterSpacing, 0px);font-style:var(--typography-body_300-fontStyle, normal);background:var(--colors-colorBackground-primary-default, var(--colors-background-default, #FFFFFF));color:var(--colors-colorForeground-primary, var(--colors-text-primary, #303840));}.css-1yfwi83 svg{display:-webkit-inline-box;display:-webkit-inline-flex;display:-ms-inline-flexbox;display:inline-flex;-webkit-flex-shrink:0;-ms-flex-negative:0;flex-shrink:0;min-width:1.5rem;}.css-1yfwi83 svg.icon-end{margin-right:-0.5rem;}.css-1yfwi83 svg.coles-plus-logo{width:75px;}.css-1yfwi83 img{margin:-0.25rem 0;}.css-1yfwi83 .badge{margin-right:-0.5rem;font-size:0.875rem;}.css-1yfwi83.is-special,.css-1yfwi83.is-shop-categories{font-family:var(--typography-body_300_bold-fontFamily, var(--typography-body-fontFamily,"SourceSansPro","Lucida Sans",sans-serif));font-size:var(--typography-body_300_bold-fontSize, 1rem);line-height:var(--typography-body_300_bold-lineHeight, 1.5rem);font-weight:var(--typography-body_300_bold-fontWeight, 600);letter-spacing:var(--typography-body_300_bold-letterSpacing, 0px);font-style:var(--typography-body_300_bold-fontStyle, normal);margin:0;padding:0.75rem 0.75rem 0.75rem 1rem;}.css-1yfwi83.is-special{background:var(--colors-colorExtended-specials-default, #FEDC02);border:0.125rem solid transparent;}.css-1yfwi83.is-special:hover{background:var(--colors-colorExtended-specials-hover, #ECC104);}.css-1yfwi83.is-special:active{background:var(--colors-colorExtended-specials-active, #CE9E03);}.css-1yfwi83.is-special:focus{background:var(--colors-colorExtended-specials-default, #FEDC02);border:0.125rem solid var(--colors-colorExtended-specials-default, #FEDC02);box-shadow:0 0 0 0.125rem var(--colors-colorBorder-inverse, var(--colors-common-white, #FFFFFF)),0 0 0 0.25rem var(--colors-colorExtended-focusState-default, var(--colors-info-main, #2670EE));}.css-1yfwi83.is-special:focus:not(:focus-visible){background:var(--colors-colorExtended-specials-default, #FEDC02);border:0.125rem solid transparent;box-shadow:none;}.css-1yfwi83.is-special:focus-visible{background:var(--colors-colorExtended-specials-default, #FEDC02);border:0.125rem solid var(--colors-colorExtended-specials-default, #FEDC02);box-shadow:0 0 0 0.125rem var(--colors-colorBorder-inverse, var(--colors-common-white, #FFFFFF)),0 0 0 0.25rem var(--colors-colorExtended-focusState-default, var(--colors-info-main, #2670EE));}.css-1yfwi83.is-shop-categories{background:var(--colors-colorBackground-primary-default, var(--colors-background-default, #FFFFFF));border:0.0625rem solid var(--colors-colorBorder-tertiary, #DCE0E5);}.css-1yfwi83.is-shop-categories:hover{background:var(--colors-colorBackground-secondary-default, #F2F5F8);}.css-1yfwi83.is-shop-categories:active{background:var(--colors-colorBackground-primary-active, #DCE0E5);}.css-1yfwi83.is-shop-categories:focus{background:var(--colors-colorBackground-primary-default, var(--colors-background-default, #FFFFFF));border:0.0625rem solid var(--colors-colorBorder-tertiary, #DCE0E5);box-shadow:0 0 0 0.125rem var(--colors-colorBorder-inverse, var(--colors-common-white, #FFFFFF)),0 0 0 0.25rem var(--colors-colorExtended-focusState-default, var(--colors-info-main, #2670EE));}.css-1yfwi83.is-shop-categories:focus:not(:focus-visible){background:var(--colors-colorBackground-primary-default, var(--colors-background-default, #FFFFFF));border:0.0625rem solid var(--colors-colorBorder-tertiary, #DCE0E5);box-shadow:none;}.css-1yfwi83.is-shop-categories:focus-visible{background:var(--colors-colorBackground-primary-default, var(--colors-background-default, #FFFFFF));border:0.0625rem solid var(--colors-colorBorder-tertiary, #DCE0E5);box-shadow:0 0 0 0.125rem var(--colors-colorBorder-inverse, var(--colors-common-white, #FFFFFF)),0 0 0 0.25rem var(--colors-colorExtended-focusState-default, var(--colors-info-main, #2670EE));}.css-1yfwi83.is-active{background:var(--colors-colorBackground-primary-hover, #F2F5F8);}.css-1yfwi83.is-active:before{content:'';width:0.1875rem;height:100%;display:block;background:var(--colors-colorBackground-brand-default, var(--colors-primary-main, #E01A22));position:absolute;left:-0.5rem;}.css-1yfwi83.is-active.with-badge:before{display:none;}.css-1yfwi83.is-active.with-badge .badge{background-color:var(--colors-colorBackground-brand-default, var(--colors-primary-main, #E01A22));color:var(--colors-colorForeground-inverse, var(--colors-common-white, #FFFFFF));}.css-1yfwi83.with-indent-l{padding-left:4rem;}.css-1yfwi83.with-indent-m{padding-left:3rem;}.css-1yfwi83.is-bold{font-family:var(--typography-body_300_bold-fontFamily, var(--typography-body-fontFamily,"SourceSansPro","Lucida Sans",sans-serif));font-size:var(--typography-body_300_bold-fontSize, 1rem);line-height:var(--typography-body_300_bold-lineHeight, 1.5rem);font-weight:var(--typography-body_300_bold-fontWeight, 600);letter-spacing:var(--typography-body_300_bold-letterSpacing, 0px);font-style:var(--typography-body_300_bold-fontStyle, normal);}.css-1yfwi83:hover{background:var(--colors-colorBackground-primary-hover, #F2F5F8);}.css-1yfwi83:hover .ei73wie0{-webkit-text-decoration:underline;text-decoration:underline;}.css-1yfwi83:active{background:var(--colors-colorBackground-primary-active, #DCE0E5);}.css-1yfwi83:focus{box-shadow:0 0 0 0.125rem var(--colors-colorExtended-focusState-default, var(--colors-info-main, #2670EE)) inset;}.css-1yfwi83:focus:not(:focus-visible){box-shadow:none;}.css-1yfwi83:focus-visible{box-shadow:0 0 0 0.125rem var(--colors-colorExtended-focusState-default, var(--colors-info-main, #2670EE)) inset;}.show-as-pills .css-1yfwi83{border-radius:9999px;display:-webkit-inline-box;display:-webkit-inline-flex;display:-ms-inline-flexbox;display:inline-flex;padding:0.4375rem 1.25rem;margin:0;border:0.0625rem var(--colors-colorBorder-tertiary, #DCE0E5) solid;font-family:var(--typography-body_300_bold-fontFamily, var(--typography-body-fontFamily,"SourceSansPro","Lucida Sans",sans-serif));font-size:var(--typography-body_300_bold-fontSize, 1rem);line-height:var(--typography-body_300_bold-lineHeight, 1.5rem);font-weight:var(--typography-body_300_bold-fontWeight, 600);letter-spacing:var(--typography-body_300_bold-letterSpacing, 0px);font-style:var(--typography-body_300_bold-fontStyle, normal);}.show-as-pills .css-1yfwi83 .badge{background:none;padding:0.125rem 0;min-width:auto;margin:0 0 0 0.5rem;color:var(--colors-colorForeground-secondary, #636C74);font-family:var(--typography-body_300_bold-fontFamily, var(--typography-body-fontFamily,"SourceSansPro","Lucida Sans",sans-serif));font-size:var(--typography-body_300_bold-fontSize, 1rem);line-height:var(--typography-body_300_bold-lineHeight, 1.5rem);font-weight:var(--typography-body_300_bold-fontWeight, 600);letter-spacing:var(--typography-body_300_bold-letterSpacing, 0px);font-style:var(--typography-body_300_bold-fontStyle, normal);}.show-as-pills .css-1yfwi83 .icon-end{display:none;}.show-as-pills .css-1yfwi83.is-active{background-color:var(--colors-colorBackground-inverse-default, #303840);border-color:var(--colors-colorBorder-primary, #303840);color:var(--colors-colorForeground-inverse, var(--colors-common-white, #FFFFFF));}.show-as-pills .css-1yfwi83.is-active:before{display:none;}.show-as-pills .css-1yfwi83.is-active .badge{background:none;}.show-as-pills .css-1yfwi83:focus-visible{outline-offset:0.125rem;outline:0.125rem solid var(--colors-colorExtended-focusState-default, var(--colors-info-main, #2670EE));box-shadow:0px 0px 0px 0.375rem rgb(255 255 255 / 90%);border-radius:var(--borderRadius-sm, 4px);}.show-as-pills .css-1yfwi83:focus{box-shadow:none;}.show-as-pills .css-1yfwi83:focus:after,.show-as-pills .css-1yfwi83:focus:before{border-width:0.125rem;border-radius:9999px;}.show-as-pills .css-1yfwi83:focus:after{margin:-0.3125rem;}.show-as-pills .css-1yfwi83:focus:before{margin:-0.4375rem;}.css-1466huz{-webkit-align-self:center;-ms-flex-item-align:center;align-self:center;margin-left:auto;display:-webkit-inline-box;display:-webkit-inline-flex;display:-ms-inline-flexbox;display:inline-flex;}.css-rvp98e{display:-webkit-box;display:-webkit-flex;display:-ms-flexbox;display:flex;-webkit-align-items:center;-webkit-box-align:center;-ms-flex-align:center;align-items:center;gap:1rem;}.css-l5xdra{font-family:var(--typography-body_300_bold-fontFamily, var(--typography-body-fontFamily,"SourceSansPro","Lucida Sans",sans-serif));font-size:var(--typography-body_300_bold-fontSize, 1rem);line-height:var(--typography-body_300_bold-lineHeight, 1.5rem);font-weight:var(--typography-body_300_bold-fontWeight, 600);letter-spacing:var(--typography-body_300_bold-letterSpacing, 0px);font-style:var(--typography-body_300_bold-fontStyle, normal);line-height:1.25rem;padding:0.125rem 0.75rem;display:-webkit-inline-box;display:-webkit-inline-flex;display:-ms-inline-flexbox;display:inline-flex;-webkit-box-pack:center;-ms-flex-pack:center;-webkit-justify-content:center;justify-content:center;min-width:2rem;border-radius:var(--borderRadius-lg, 16px);background-color:var(--colors-colorBackground-primary-active, #DCE0E5);color:var(--colors-colorBackground-inverse-default, #303840);}.css-l5xdra.is-medium{font-size:0.875rem;}.css-l5xdra.is-small{font-size:0.75rem;line-height:1rem;padding:0.125rem 0.5rem;}.css-l5xdra.is-large{line-height:1.5rem;font-size:1rem;padding:0.25rem 1rem;}.css-l5xdra.is-large svg{width:1.5rem;height:1.5rem;}.css-l5xdra.is-large .svg-wrapper{margin-right:0.5rem;margin-left:-0.5rem;}.css-1dh2mpg{position:relative;grid-column:1;min-width:0;}.css-1dh2mpg ol{display:none;}@media (min-width: 1024px){.css-1dh2mpg{padding-top:0.5rem;grid-column:2;}.is-ep-landing .css-1dh2mpg{grid-column:1;}.css-1dh2mpg ol{display:-webkit-box;display:-webkit-flex;display:-ms-flexbox;display:flex;padding:1.5rem 0;}}.css-1dh2mpg:after{content:'';position:absolute;top:0;left:-1.5rem;width:1px;height:calc(100% + 96px);display:none;border-left:1px solid var(--colors-colorBorder-tertiary, #DCE0E5);}@media (min-width: 1024px){.css-1dh2mpg:after{display:block;}}.css-1muvv7c h1{font-family:var(--typography-heading_600-fontFamily, var(--typography-heading-fontFamily,"AvantGardeGothic",Arial,sans-serif));font-size:var(--typography-heading_600-fontSize, 1.5rem);line-height:var(--typography-heading_600-lineHeight, 2rem);font-weight:var(--typography-heading_600-fontWeight, 700);letter-spacing:var(--typography-heading_600-letterSpacing, 0px);font-style:var(--typography-heading_600-fontStyle, normal);color:var(--colors-colorForeground-primary, var(--colors-text-primary, #303840));padding:0;margin:0;}.css-1muvv7c h1+.e8ldn950{margin-top:1.25rem;}.css-1muvv7c h1,.css-1muvv7c .ezqb86213{display:none;}@media (min-width: 1024px){.css-1muvv7c{margin-top:1.5rem;}.css-1muvv7c h1{font-family:var(--typography-heading_700-fontFamily, var(--typography-heading-fontFamily,"AvantGardeGothic",Arial,sans-serif));font-size:var(--typography-heading_700-fontSize, 2rem);line-height:var(--typography-heading_700-lineHeight, 2.5rem);font-weight:var(--typography-heading_700-fontWeight, 700);letter-spacing:var(--typography-heading_700-letterSpacing, 0px);font-style:var(--typography-heading_700-fontStyle, normal);display:block;}.css-1muvv7c .ezqb86213{display:-webkit-box;display:-webkit-flex;display:-ms-flexbox;display:flex;}.css-1muvv7c .coles-search-tablist{padding:1rem 0 0 0;}}.css-5jkdbu{position:relative;width:100%;background:var(--colors-colorBackground-primary-default, var(--colors-background-default, #FFFFFF));}.css-1sdk1bv{border-bottom:0.125rem solid var(--colors-colorBorder-tertiary, #DCE0E5);}.css-1e7ut4r{position:relative;bottom:-0.125rem;display:-webkit-box;display:-webkit-flex;display:-ms-flexbox;display:flex;}.css-lqmr5{min-width:100%;position:relative;}.css-1dni9t8{min-width:100%;display:-webkit-box;display:-webkit-flex;display:-ms-flexbox;display:flex;overflow-x:scroll;overflow-y:hidden;white-space:nowrap;-ms-overflow-style:none;scrollbar-width:none;}.css-1dni9t8::-webkit-scrollbar{display:none;}.css-pu6ast{position:relative;font-family:var(--typography-body_300-fontFamily, var(--typography-body-fontFamily,"SourceSansPro","Lucida Sans",sans-serif));font-size:var(--typography-body_300-fontSize, 1rem);line-height:var(--typography-body_300-lineHeight, 1.5rem);font-weight:var(--typography-body_300-fontWeight, 400);letter-spacing:var(--typography-body_300-letterSpacing, 0px);font-style:var(--typography-body_300-fontStyle, normal);-webkit-appearance:none;-moz-appearance:none;-ms-appearance:none;appearance:none;background:transparent;border:none;padding:0.75rem 1rem;white-space:nowrap;display:inline-block;cursor:pointer;font-family:var(--typography-body_300_bold-fontFamily, var(--typography-body-fontFamily,"SourceSansPro","Lucida Sans",sans-serif));font-size:var(--typography-body_300_bold-fontSize, 1rem);line-height:var(--typography-body_300_bold-lineHeight, 1.5rem);font-weight:var(--typography-body_300_bold-fontWeight, 600);letter-spacing:var(--typography-body_300_bold-letterSpacing, 0px);font-style:var(--typography-body_300_bold-fontStyle, normal);color:var(--colors-colorForeground-primary, var(--colors-text-primary, #303840));box-shadow:inset 0 -0.125rem 0 var(--colors-colorBorder-brand, var(--colors-primary-main, #E01A22));}.css-pu6ast:focus-visible{outline:none;}.css-pu6ast:focus-visible::after{content:'';position:absolute;top:0;left:-6px;right:-6px;bottom:0;border-top:3px solid var(--colors-colorExtended-focusState-default, var(--colors-info-main, #2670EE));border-left:3px solid var(--colors-colorExtended-focusState-default, var(--colors-info-main, #2670EE));border-right:3px solid var(--colors-colorExtended-focusState-default, var(--colors-info-main, #2670EE));border-bottom:none;pointer-events:none;}.css-pu6ast:focus-visible:first-of-type::after{left:0;}.css-pu6ast:focus:not(:focus-visible){box-shadow:inset 0 -0.125rem 0 var(--colors-colorBorder-brand, var(--colors-primary-main, #E01A22));}.css-1ts0hhk{position:relative;font-family:var(--typography-body_300-fontFamily, var(--typography-body-fontFamily,"SourceSansPro","Lucida Sans",sans-serif));font-size:var(--typography-body_300-fontSize, 1rem);line-height:var(--typography-body_300-lineHeight, 1.5rem);font-weight:var(--typography-body_300-fontWeight, 400);letter-spacing:var(--typography-body_300-letterSpacing, 0px);font-style:var(--typography-body_300-fontStyle, normal);-webkit-appearance:none;-moz-appearance:none;-ms-appearance:none;appearance:none;background:transparent;border:none;padding:0.75rem 1rem;white-space:nowrap;display:inline-block;cursor:pointer;color:var(--colors-colorForeground-primary, var(--colors-text-primary, #303840));font-weight:normal;}.css-1ts0hhk:focus-visible{outline:none;box-shadow:inset 0 0 0 3px var(--colors-colorExtended-focusState-default, var(--colors-info-main, #2670EE));}.css-1ts0hhk:focus:not(:focus-visible){box-shadow:inset 0 -0.125rem 0 var(--colors-colorBorder-brand, var(--colors-primary-main, #E01A22));}.css-1ts0hhk:not([aria-disabled='true']):hover{color:var(--colors-colorForeground-primary, var(--colors-text-primary, #303840));}.css-1ts0hhk:not([aria-disabled='true']):not(:focus):hover{box-shadow:inset 0 -0.125rem 0 var(--colors-colorBorder-secondary, #7E8791);}.css-1ts0hhk:not([aria-selected='true']):focus:not(:focus-visible){box-shadow:inset 0 -0.125rem 0 var(--colors-colorBorder-secondary, #7E8791);}.css-m3xpm2{padding:1.5rem 0;}.css-m3xpm2:focus-visible{outline-color:var(--colors-colorExtended-focusState-default, var(--colors-info-main, #2670EE));}.css-y26824{font-family:var(--typography-body_200_bold-fontFamily, var(--typography-body-fontFamily,"SourceSansPro","Lucida Sans",sans-serif));font-size:var(--typography-body_200_bold-fontSize, 0.875rem);line-height:var(--typography-body_200_bold-lineHeight, 1.25rem);font-weight:var(--typography-body_200_bold-fontWeight, 600);letter-spacing:var(--typography-body_200_bold-letterSpacing, 0.16px);font-style:var(--typography-body_200_bold-fontStyle, normal);background:var(--colors-colorBackground-secondary-default, #F2F5F8);color:var(--colors-colorForeground-primary, var(--colors-text-primary, #303840));border:0.125rem solid var(--colors-colorBackground-secondary-default, #F2F5F8);padding:0.25rem 0.875rem;border-radius:var(--borderRadius-round, 9999px);display:-webkit-box;display:-webkit-flex;display:-ms-flexbox;display:flex;-webkit-align-items:center;-webkit-box-align:center;-ms-flex-align:center;align-items:center;outline:none;}.css-y26824:focus{z-index:1;outline-color:transparent;box-shadow:0 0 0 2px var(--colors-colorBorder-inverse, var(--colors-common-white, #FFFFFF)),0 0 0 4px var(--colors-colorExtended-focusState-default, var(--colors-info-main, #2670EE));}.css-y26824:focus:not(:focus-visible){box-shadow:none;}.css-y26824:focus-visible{z-index:1;outline-color:transparent;box-shadow:0 0 0 2px var(--colors-colorBorder-inverse, var(--colors-common-white, #FFFFFF)),0 0 0 4px var(--colors-colorExtended-focusState-default, var(--colors-info-main, #2670EE));}.css-y26824 .icon-start,.css-y26824 .icon-end{display:-webkit-box;display:-webkit-flex;display:-ms-flexbox;display:flex;}.css-y26824 .icon-start svg{margin-right:0.5rem;}.css-y26824 .icon-end svg{margin-left:0.5rem;}.css-y26824 svg{width:1rem;height:1rem;}.css-y26824:hover{-webkit-text-decoration:underline;text-decoration:underline;cursor:pointer;}.css-y26824:focus,.css-y26824:active{-webkit-text-decoration:none;text-decoration:none;}.css-15g2oxy{margin-top:1rem;}.css-1qk38wv{display:-webkit-inline-box;display:-webkit-inline-flex;display:-ms-inline-flexbox;display:inline-flex;-webkit-flex-direction:column;-ms-flex-direction:column;flex-direction:column;position:relative;min-width:0;padding:0;margin:0;border:0;vertical-align:top;}.css-vrsrqt{font-family:"SourceSansPro","Lucida Sans",sans-serif;font-weight:400;font-size:1rem;line-height:1.4375em;color:#303840;box-sizing:border-box;position:relative;cursor:text;display:-webkit-inline-box;display:-webkit-inline-flex;display:-ms-inline-flexbox;display:inline-flex;-webkit-align-items:center;-webkit-box-align:center;-ms-flex-align:center;align-items:center;position:relative;}.css-vrsrqt.Mui-disabled{color:rgba(0, 0, 0, 0.38);cursor:default;}label+.css-vrsrqt{margin-top:16px;}.css-vrsrqt::after{left:0;bottom:0;content:"";position:absolute;right:0;-webkit-transform:scaleX(0);-moz-transform:scaleX(0);-ms-transform:scaleX(0);transform:scaleX(0);-webkit-transition:-webkit-transform 200ms cubic-bezier(0.0, 0, 0.2, 1) 0ms;transition:transform 200ms cubic-bezier(0.0, 0, 0.2, 1) 0ms;pointer-events:none;}.css-vrsrqt.Mui-focused:after{-webkit-transform:scaleX(1) translateX(0);-moz-transform:scaleX(1) translateX(0);-ms-transform:scaleX(1) translateX(0);transform:scaleX(1) translateX(0);}.css-vrsrqt.Mui-error::before,.css-vrsrqt.Mui-error::after{border-bottom-color:#B9091D;}.css-vrsrqt::before{border-bottom:1px solid rgba(0, 0, 0, 0.42);left:0;bottom:0;content:"\00a0";position:absolute;right:0;-webkit-transition:border-bottom-color 200ms cubic-bezier(0.4, 0, 0.2, 1) 0ms;transition:border-bottom-color 200ms cubic-bezier(0.4, 0, 0.2, 1) 0ms;pointer-events:none;}.css-vrsrqt:hover:not(.Mui-disabled, .Mui-error):before{border-bottom:2px solid #303840;}@media (hover: none){.css-vrsrqt:hover:not(.Mui-disabled, .Mui-error):before{border-bottom:1px solid rgba(0, 0, 0, 0.42);}}.css-vrsrqt.Mui-disabled:before{border-bottom-style:dotted;}.css-vrsrqt::after{border-bottom:2px solid #E01A22;}.css-1wcjd45{-moz-appearance:none;-webkit-appearance:none;-webkit-user-select:none;-moz-user-select:none;-ms-user-select:none;user-select:none;border-radius:0;cursor:pointer;font:inherit;letter-spacing:inherit;color:currentColor;padding:4px 0 5px;border:0;box-sizing:content-box;background:none;height:1.4375em;margin:0;-webkit-tap-highlight-color:transparent;display:block;min-width:0;width:100%;-webkit-animation-name:mui-auto-fill-cancel;animation-name:mui-auto-fill-cancel;-webkit-animation-duration:10ms;animation-duration:10ms;}.css-1wcjd45:focus{border-radius:0;}.css-1wcjd45.Mui-disabled{cursor:default;}.css-1wcjd45[multiple]{height:auto;}.css-1wcjd45:not([multiple]) option,.css-1wcjd45:not([multiple]) optgroup{background-color:#fff;}.css-1wcjd45.css-1wcjd45.css-1wcjd45{padding-right:24px;min-width:16px;}.css-1wcjd45.MuiSelect-select{height:auto;min-height:1.4375em;text-overflow:ellipsis;white-space:nowrap;overflow:hidden;}.css-1wcjd45::-webkit-input-placeholder{color:currentColor;opacity:0.42;-webkit-transition:opacity 200ms cubic-bezier(0.4, 0, 0.2, 1) 0ms;transition:opacity 200ms cubic-bezier(0.4, 0, 0.2, 1) 0ms;}.css-1wcjd45::-moz-placeholder{color:currentColor;opacity:0.42;-webkit-transition:opacity 200ms cubic-bezier(0.4, 0, 0.2, 1) 0ms;transition:opacity 200ms cubic-bezier(0.4, 0, 0.2, 1) 0ms;}.css-1wcjd45::-ms-input-placeholder{color:currentColor;opacity:0.42;-webkit-transition:opacity 200ms cubic-bezier(0.4, 0, 0.2, 1) 0ms;transition:opacity 200ms cubic-bezier(0.4, 0, 0.2, 1) 0ms;}.css-1wcjd45:focus{outline:0;}.css-1wcjd45:invalid{box-shadow:none;}.css-1wcjd45::-webkit-search-decoration{-webkit-appearance:none;}label[data-shrink=false]+.MuiInputBase-formControl .css-1wcjd45::-webkit-input-placeholder{opacity:0!important;}label[data-shrink=false]+.MuiInputBase-formControl .css-1wcjd45::-moz-placeholder{opacity:0!important;}label[data-shrink=false]+.MuiInputBase-formControl .css-1wcjd45::-ms-input-placeholder{opacity:0!important;}label[data-shrink=false]+.MuiInputBase-formControl .css-1wcjd45:focus::-webkit-input-placeholder{opacity:0.42;}label[data-shrink=false]+.MuiInputBase-formControl .css-1wcjd45:focus::-moz-placeholder{opacity:0.42;}label[data-shrink=false]+.MuiInputBase-formControl .css-1wcjd45:focus::-ms-input-placeholder{opacity:0.42;}.css-1wcjd45.Mui-disabled{opacity:1;-webkit-text-fill-color:rgba(0, 0, 0, 0.38);}.css-1wcjd45:-webkit-autofill{-webkit-animation-duration:5000s;animation-duration:5000s;-webkit-animation-name:mui-auto-fill;animation-name:mui-auto-fill;}.css-147e5lo{bottom:0;left:0;position:absolute;opacity:0;pointer-events:none;width:100%;box-sizing:border-box;}.css-1nkidvm{position:absolute;right:0;top:calc(50% - .5em);pointer-events:none;color:rgba(0, 0, 0, 0.54);}.css-1nkidvm.Mui-disabled{color:rgba(0, 0, 0, 0.26);}.css-zfj58o{position:relative;border:0.0625rem solid transparent;margin:0;cursor:pointer;outline:none;text-align:left;-webkit-text-decoration:none;text-decoration:none;display:-webkit-inline-box;display:-webkit-inline-flex;display:-ms-inline-flexbox;display:inline-flex;-webkit-align-items:center;-webkit-box-align:center;-ms-flex-align:center;align-items:center;vertical-align:top;border-radius:var(--borderRadius-round, 9999px);border-color:transparent;-webkit-text-decoration:none;text-decoration:none;background:transparent;color:var(--colors-colorForeground-primary, var(--colors-text-primary, #303840));padding:0.5rem 1.25rem;font-family:var(--typography-body_300_bold-fontFamily, var(--typography-body-fontFamily,"SourceSansPro","Lucida Sans",sans-serif));font-size:var(--typography-body_300_bold-fontSize, 1rem);line-height:var(--typography-body_300_bold-lineHeight, 1.5rem);font-weight:var(--typography-body_300_bold-fontWeight, 600);letter-spacing:var(--typography-body_300_bold-letterSpacing, 0px);font-style:var(--typography-body_300_bold-fontStyle, normal);}.css-zfj58o:focus{z-index:1;outline-color:transparent;box-shadow:0 0 0 2px var(--colors-colorBorder-inverse, var(--colors-common-white, #FFFFFF)),0 0 0 4px var(--colors-colorExtended-focusState-default, var(--colors-info-main, #2670EE));}.css-zfj58o:focus:not(:focus-visible){box-shadow:none;}.css-zfj58o:focus-visible{z-index:1;outline-color:transparent;box-shadow:0 0 0 2px var(--colors-colorBorder-inverse, var(--colors-common-white, #FFFFFF)),0 0 0 4px var(--colors-colorExtended-focusState-default, var(--colors-info-main, #2670EE));}.css-zfj58o svg{color:var(--colors-colorForeground-primary, var(--colors-text-primary, #303840));}.css-zfj58o .external-svg{background-color:var(--colors-colorForeground-primary, var(--colors-text-primary, #303840));}.css-zfj58o:hover{background:var(--colors-colorBackground-primary-hover, #F2F5F8);}.css-zfj58o:active{background:var(--colors-colorBackground-primary-active, #DCE0E5);}.css-zfj58o:disabled,.css-zfj58o:hover:disabled,.css-zfj58o:focus:disabled,.css-zfj58o.disabled,.css-zfj58o.disabled:hover,.css-zfj58o.disabled:focus{background:var(--colors-colorBackground-primary-default, var(--colors-background-default, #FFFFFF));opacity:0.25;}@media (hover:none){.css-zfj58o:hover{border-color:transparent;background:transparent;}.css-zfj58o:active{background:var(--colors-colorBackground-primary-active, #DCE0E5);border-color:transparent;}}.css-zfj58o img,.css-zfj58o svg,.css-zfj58o .external-svg{width:20px;height:20px;}.css-zfj58o .indicator{padding:0.25rem;min-width:0.5rem;height:0.5rem;position:absolute;top:-0.0625rem;left:0.8125rem;}.css-zfj58o:disabled,.css-zfj58o.disabled{cursor:not-allowed;}.css-79elbk{position:relative;}.css-8boes5{display:grid;grid-template-columns:1fr;grid-auto-flow:dense;-webkit-column-gap:0;column-gap:0;row-gap:0.5rem;margin:0 -1rem;padding:1rem 0;}@media (min-width: 0) and (max-width: 479px){.css-8boes5{margin:0 -1.5rem;row-gap:0rem;}}.css-8boes5:before{content:'1';position:absolute;top:0;left:0;width:1px;height:1px;overflow:hidden;}.css-8boes5.HYF{row-gap:0rem;}.css-8boes5 .MuiSkeleton-root{grid-row:span 4;}.css-8boes5 .list-item{display:grid;grid-template-rows:subgrid;grid-row:span 4;row-gap:0;-webkit-box-pack:normal;-ms-flex-pack:normal;-webkit-justify-content:normal;justify-content:normal;padding-top:0;}.css-8boes5 .list-item .product-hat{margin-top:0;}.css-8boes5 .list-item .product-hat:empty{min-height:unset;}.css-8boes5 .list-item >div:only-child{grid-row:span 4;display:grid;grid-template-rows:subgrid;}.css-8boes5 .list-item .coles-targeting-ProductTileHeaderWrapper{margin-top:0;}.css-8boes5 .list-item.single-tile-ad .product__image_area{grid-row:span 2;}.css-8boes5 .list-item.single-tile-ad .product__text_wrapper{grid-row:span 2;padding-top:24px;}@media (min-width: 0) and (max-width: 479px){.css-8boes5 .list-item .product__header{margin-top:0.25rem;}}@media (min-width: 0) and (max-width: 479px){.css-8boes5 >.list-item{border:none;border-bottom:1px solid var(--colors-colorBorder-tertiary, #DCE0E5);border-right:1px solid var(--colors-colorBorder-tertiary, #DCE0E5);}.css-8boes5 >.list-item:nth-last-of-type(-n + 1){border-bottom:none;}}.css-8boes5 >section:nth-of-type(even of .list-item:not(.association)){border-right:none;}.css-8boes5 div:nth-of-type(even of .list-item:not(.association)){border-right:none;}@media (min-width: 0){.css-8boes5{grid-template-columns:repeat(2,minmax(0,1fr));}}@media (min-width: 480px){.css-8boes5{grid-template-columns:repeat(2,minmax(0,1fr));gap:1rem;margin:0;}.css-8boes5:before{content:'2';}}@media (min-width: 768px){.css-8boes5{grid-template-columns:repeat(3,minmax(0,1fr));}.css-8boes5:before{content:'3';}}@media only screen and (min-width: 900px){.css-8boes5{grid-template-columns:repeat(4, 1fr);}.css-8boes5:before{content:'4';}}@media (min-width: 1024px){.css-8boes5{grid-template-columns:repeat(3,1fr);gap:1.5rem;}.css-8boes5:before{content:'3';}}@media (min-width: 1200px){.css-8boes5{grid-template-columns:repeat(4,1fr);gap:1.5rem;}.css-8boes5:before{content:'4';}}@media (min-width: 1344px){.css-8boes5{grid-template-columns:repeat(5,1fr);}.css-8boes5:before{content:'5';}}.css-4ilwn8{border:1px solid transparent;position:relative;display:-webkit-box;display:-webkit-flex;display:-ms-flexbox;display:flex;-webkit-flex-direction:column;-ms-flex-direction:column;flex-direction:column;width:100%;height:100%;padding:0.5rem;}@media (min-width: 480px){.css-4ilwn8:hover{border:1px solid;border-color:var(--colors-colorBorder-tertiary, #DCE0E5);box-shadow:var(--shadows-lg, 0px 8px 16px rgba(33, 33, 33, 0.12));border-radius:var(--borderRadius-md, 8px);}}.css-4ilwn8.is-placeholder:hover{border-color:transparent;box-shadow:none;}.css-4ilwn8 .product__link{display:block;}.css-4ilwn8 .product__link:hover,.css-4ilwn8 .product__link:focus{outline:none;-webkit-text-decoration:underline;text-decoration:underline;}.css-4ilwn8 .show-on-small-screen{display:none;}.css-4ilwn8 .hide-on-small-screen{display:block;}.css-4ilwn8.small-screen .hide-on-small-screen{display:none;}.css-4ilwn8.small-screen .placeholder_is-small{display:block;}.css-4ilwn8.small-screen .product__header{display:-webkit-box;display:-webkit-flex;display:-ms-flexbox;display:flex;-webkit-flex-direction:column;-ms-flex-direction:column;flex-direction:column;}.css-4ilwn8.small-screen .product__header .e5c6fhg23{-webkit-flex:2;-ms-flex:2;flex:2;margin-right:0;}.css-4ilwn8.small-screen .product__header .product__message-title_area{-webkit-flex:3;-ms-flex:3;flex:3;}.css-4ilwn8.small-screen .product__pricing_area.show-on-small-screen{display:block;min-height:auto;margin-top:0.5rem;}.css-4ilwn8:hover .product-tiles-btn{background-color:var(--colors-colorBackground-brand-default, var(--colors-primary-main, #E01A22));color:var(--colors-colorForeground-inverse, var(--colors-common-white, #FFFFFF));border:none;}.css-4ilwn8:hover .product-tiles-btn svg{color:var(--colors-colorForeground-inverse, var(--colors-common-white, #FFFFFF));}.css-4ilwn8 .product-tiles-btn:hover{background-color:var(--colors-colorBackground-brand-hover, var(--colors-primary-dark, #B9091D));}.css-4ilwn8 .product-tiles-btn:active{background-color:var(--colors-colorBackground-brand-active, #960319);}@media (min-width: 1200px) and (min-width: 0){.css-4ilwn8{padding:0.5rem;}}.css-4ilwn8 .product__header .product__badge{position:absolute;top:0.25rem;left:0;z-index:1;}.css-4ilwn8 .product__header .product__pricing_area{display:block;min-height:auto;margin-top:0.5rem;}.css-4ilwn8 .product__header .product__image_area{margin-bottom:0;}.css-4ilwn8 .product__header .product__image_area .product__image.product__image_button{cursor:pointer;}.css-4ilwn8 .product__header .product__image_area .product__link{display:-webkit-box;display:-webkit-flex;display:-ms-flexbox;display:flex;-webkit-box-pack:center;-ms-flex-pack:center;-webkit-justify-content:center;justify-content:center;margin-left:-0.25rem;margin-right:-0.25rem;}.css-4ilwn8 .product__header .product__image_area .product__link>*{border:1px solid transparent;}.css-4ilwn8 .product__header .product__image_area .product__link>*:hover{border:1px solid var(--colors-colorBorder-primary, #303840);}.css-4ilwn8 .product__header .product__image_area .product__link:focus-visible>*{box-shadow:0 0 0 2px var(--colors-colorBorder-inverse, var(--colors-common-white, #FFFFFF)),0px 0px 0px 0.25rem var(--colors-colorExtended-focusState-default, var(--colors-info-main, #2670EE));}.css-4ilwn8 .product__message-title_area .product__link:hover .product__title,.css-4ilwn8 .product__message-title_area .product__title_button:hover .product__title,.css-4ilwn8 .product__message-title_area .product__link:focus .product__title,.css-4ilwn8 .product__message-title_area .product__title_button:focus .product__title{-webkit-text-decoration:underline;text-decoration:underline;}.css-4ilwn8 .product__message-title_area .product__link:focus-visible .product__title,.css-4ilwn8 .product__message-title_area .product__title_button:focus-visible .product__title{box-shadow:0 0 0 2px var(--colors-colorBorder-inverse, var(--colors-common-white, #FFFFFF)),0px 0px 0px 0.25rem var(--colors-colorExtended-focusState-default, var(--colors-info-main, #2670EE));}.css-4ilwn8 .product__message-title_area .product__link .product__title,.css-4ilwn8 .product__message-title_area .product__title_button .product__title{font-family:var(--typography-body_200_bold-fontFamily, var(--typography-body-fontFamily,"SourceSansPro","Lucida Sans",sans-serif));font-size:var(--typography-body_200_bold-fontSize, 0.875rem);line-height:var(--typography-body_200_bold-lineHeight, 1.25rem);font-weight:var(--typography-body_200_bold-fontWeight, 600);letter-spacing:var(--typography-body_200_bold-letterSpacing, 0.16px);font-style:var(--typography-body_200_bold-fontStyle, normal);color:var(--colors-colorForeground-primary, var(--colors-text-primary, #303840));min-height:3.75rem;}.css-4ilwn8 .product__message-title_area .product__title_button{cursor:pointer;padding-top:1.5rem;}.css-4ilwn8 .product__message-title_area .product__top_messaging{position:absolute;display:-webkit-box;display:-webkit-flex;display:-ms-flexbox;display:flex;-webkit-box-flex-wrap:nowrap;-webkit-flex-wrap:nowrap;-ms-flex-wrap:nowrap;flex-wrap:nowrap;overflow-x:hidden;margin-bottom:0.25rem;}@media (min-width: 1200px) and (min-width: 0){.css-4ilwn8 .product__message-title_area .product__top_messaging{overflow-x:visible;}}.css-4ilwn8 .product__message-title_area .product__top_messaging .product__top_messaging__item{-webkit-flex:none;-ms-flex:none;flex:none;font-family:var(--typography-body_200-fontFamily, var(--typography-body-fontFamily,"SourceSansPro","Lucida Sans",sans-serif));font-size:var(--typography-body_200-fontSize, 0.875rem);line-height:var(--typography-body_200-lineHeight, 1.25rem);font-weight:var(--typography-body_200-fontWeight, 400);letter-spacing:var(--typography-body_200-letterSpacing, 0.16px);font-style:var(--typography-body_200-fontStyle, normal);color:var(--colors-colorForeground-secondary, #636C74);}.css-4ilwn8 .product__message-title_area .product__top_messaging .product__top_messaging__item:not(:first-of-type):before{content:'';margin-left:0.25rem;margin-right:0.25rem;}.css-4ilwn8 .product__message-title_area .product__link{padding-top:1.5rem;}.css-4ilwn8 .product__pricing_area .product__pricing{margin-bottom:0.5rem;}.css-4ilwn8 .product__rating_area{margin-bottom:0.25rem;}.css-4ilwn8 .product__offers_description{display:-webkit-box;display:-webkit-flex;display:-ms-flexbox;display:flex;-webkit-flex-direction:column;-ms-flex-direction:column;flex-direction:column;}.css-4ilwn8 .product__offers_description >*{margin-bottom:0.25rem;}.css-4ilwn8 .product__offers_description >*:last-child{margin-bottom:0px;}.css-4ilwn8 .product__offers_description .product_promotion.flybuys{color:var(--colors-colorExtended-flybuys-primary, #0645FF);font-family:var(--typography-body_200_bold-fontFamily, var(--typography-body-fontFamily,"SourceSansPro","Lucida Sans",sans-serif));font-size:var(--typography-body_200_bold-fontSize, 0.875rem);line-height:var(--typography-body_200_bold-lineHeight, 1.25rem);font-weight:var(--typography-body_200_bold-fontWeight, 600);letter-spacing:var(--typography-body_200_bold-letterSpacing, 0.16px);font-style:var(--typography-body_200_bold-fontStyle, normal);}.css-4ilwn8 .product__offers_description .product_promotion.complex{color:var(--colors-colorForeground-primary, var(--colors-text-primary, #303840));font-family:var(--typography-body_200-fontFamily, var(--typography-body-fontFamily,"SourceSansPro","Lucida Sans",sans-serif));font-size:var(--typography-body_200-fontSize, 0.875rem);line-height:var(--typography-body_200-lineHeight, 1.25rem);font-weight:var(--typography-body_200-fontWeight, 400);letter-spacing:var(--typography-body_200-letterSpacing, 0.16px);font-style:var(--typography-body_200-fontStyle, normal);}.css-4ilwn8 .product__short_description{font-family:var(--typography-body_100-fontFamily, var(--typography-body-fontFamily,"SourceSansPro","Lucida Sans",sans-serif));font-size:var(--typography-body_100-fontSize, 0.75rem);line-height:var(--typography-body_100-lineHeight, 1rem);font-weight:var(--typography-body_100-fontWeight, 400);letter-spacing:var(--typography-body_100-letterSpacing, 0.32px);font-style:var(--typography-body_100-fontStyle, normal);color:var(--colors-colorForeground-secondary, #636C74);}.css-4ilwn8 .unavailable-container{position:relative;white-space:nowrap;}.css-4ilwn8 .unavailable-container .similar-product-unavailable{padding-bottom:0.5rem;}@media (min-width: 1200px){.css-4ilwn8 .unavailable-container .similar-product-unavailable{padding-bottom:0;position:absolute;}}.css-4ilwn8 .product__cta_section{height:100%;display:-webkit-box;display:-webkit-flex;display:-ms-flexbox;display:flex;-webkit-flex-direction:column;-ms-flex-direction:column;flex-direction:column;-webkit-box-pack:justify;-webkit-justify-content:space-between;justify-content:space-between;padding-top:0.5rem;}.css-4ilwn8 .product__cta_section .product__link{color:var(--colors-colorForeground-brand, var(--colors-primary-main, #E01A22));-webkit-text-decoration:underline;text-decoration:underline;}.css-4ilwn8 .product__cta_section .product__add_to_cart{width:100%;}.css-4ilwn8 .product__cta_section .product__pricing_area{display:-webkit-box;display:-webkit-flex;display:-ms-flexbox;display:flex;-webkit-flex-direction:column;-ms-flex-direction:column;flex-direction:column;-webkit-box-pack:start;-ms-flex-pack:start;-webkit-justify-content:flex-start;justify-content:flex-start;-webkit-align-items:start;-webkit-box-align:start;-ms-flex-align:start;align-items:start;-webkit-flex-basis:100%;-ms-flex-preferred-size:100%;flex-basis:100%;}.css-4ilwn8.small-screen .product__cta_section{padding-top:0rem;}.css-1a59qno{-webkit-order:-1;-ms-flex-order:-1;order:-1;}.css-16n8xtn{position:relative;margin-top:0.25rem;display:-webkit-box;display:-webkit-flex;display:-ms-flexbox;display:flex;-webkit-flex-direction:column;-ms-flex-direction:column;flex-direction:column;}.css-16n8xtn:has(.product-hat) .product__header{display:-webkit-box;display:-webkit-flex;display:-ms-flexbox;display:flex;-webkit-flex-direction:column;-ms-flex-direction:column;flex-direction:column;-webkit-box-pack:justify;-webkit-justify-content:space-between;justify-content:space-between;-webkit-flex:1;-ms-flex:1;flex:1;}.css-10oefb9:not(:focus):not(:active){clip:rect(0 0 0 0);-webkit-clip-path:inset(50%);clip-path:inset(50%);height:1px;overflow:hidden;position:absolute;white-space:nowrap;width:1px;}.css-eyzank{display:grid;grid-template-columns:minmax(auto,max-content) auto;grid-template-rows:auto auto;margin-top:0.75rem;}.css-eyzank .product__lists_remove{grid-column:1;}.css-eyzank .product__lists_item_quantity{grid-column:1;display:-webkit-box;display:-webkit-flex;display:-ms-flexbox;display:flex;-webkit-flex-direction:column;-ms-flex-direction:column;flex-direction:column;padding-right:1rem;}.css-eyzank .product__lists_item_quantity >p{margin:0 0 0.5rem;font-family:var(--typography-body_200_bold-fontFamily, var(--typography-body-fontFamily,"SourceSansPro","Lucida Sans",sans-serif));font-size:var(--typography-body_200_bold-fontSize, 0.875rem);line-height:var(--typography-body_200_bold-lineHeight, 1.25rem);font-weight:var(--typography-body_200_bold-fontWeight, 600);letter-spacing:var(--typography-body_200_bold-letterSpacing, 0.16px);font-style:var(--typography-body_200_bold-fontStyle, normal);}.css-eyzank .product__lists_item_quantity >fieldset{padding-bottom:1rem;}.css-eyzank .product__lists_item_quantity.product-unavailable{color:var(--colors-colorForeground-secondary, #636C74);position:relative;top:-0.9375rem;}.css-fnf5lc{grid-row:1;grid-column:2;-webkit-align-self:center;-ms-flex-item-align:center;align-self:center;}.css-fnf5lc .product-tiles-btn{height:2.625rem;}.css-1d05ks6{display:-webkit-inline-box;display:-webkit-inline-flex;display:-ms-inline-flexbox;display:inline-flex;width:100%;-webkit-align-items:center;-webkit-box-align:center;-ms-flex-align:center;align-items:center;}.css-1d05ks6 .minus-btn,.css-1d05ks6 .plus-btn{width:1.5rem;height:1.5rem;padding:0.125rem;}.css-1d05ks6 .product-tiles-btn,.css-1d05ks6 .pdp-btn{display:-webkit-box;display:-webkit-flex;display:-ms-flexbox;display:flex;-webkit-box-pack:center;-ms-flex-pack:center;-webkit-justify-content:center;justify-content:center;width:100%;}.css-1d05ks6 .quantity-input-wrapper{display:-webkit-box;display:-webkit-flex;display:-ms-flexbox;display:flex;-webkit-align-items:center;-webkit-box-align:center;-ms-flex-align:center;align-items:center;min-width:0;}.css-1d05ks6 .pdp-btn{background-color:var(--colors-colorBackground-brand-default, var(--colors-primary-main, #E01A22));color:var(--colors-colorForeground-inverse, var(--colors-common-white, #FFFFFF));border:none;}.css-1d05ks6 .pdp-btn svg{color:var(--colors-colorForeground-inverse, var(--colors-common-white, #FFFFFF));}.css-1d05ks6 .pdp-btn:hover{background-color:var(--colors-colorBackground-brand-hover, var(--colors-primary-dark, #B9091D));border-color:var(--colors-colorBackground-brand-hover, var(--colors-primary-dark, #B9091D));color:var(--colors-colorForeground-inverse, var(--colors-common-white, #FFFFFF));}.css-1d05ks6 .pdp-btn:hover svg{color:var(--colors-colorForeground-inverse, var(--colors-common-white, #FFFFFF));}.css-1d05ks6 .product-tiles-btn{background-color:var(--colors-colorBackground-brand-default, var(--colors-primary-main, #E01A22));border:none;color:var(--colors-colorForeground-inverse, var(--colors-common-white, #FFFFFF));}.css-1d05ks6 .product-tiles-btn svg{color:var(--colors-colorForeground-inverse, var(--colors-common-white, #FFFFFF));}.css-1d05ks6 .product-tiles-btn:hover{background-color:var(--colors-colorBackground-brand-default, var(--colors-primary-main, #E01A22));border-color:var(--colors-colorBackground-brand-default, var(--colors-primary-main, #E01A22));color:var(--colors-colorForeground-inverse, var(--colors-common-white, #FFFFFF));}.css-1d05ks6 .product-tiles-btn:hover svg{color:var(--colors-colorForeground-inverse, var(--colors-common-white, #FFFFFF));}.css-1d05ks6 .toggler-wrapper{position:relative;display:-webkit-box;display:-webkit-flex;display:-ms-flexbox;display:flex;-webkit-box-pack:justify;-webkit-justify-content:space-between;justify-content:space-between;-webkit-align-items:center;-webkit-box-align:center;-ms-flex-align:center;align-items:center;width:100%;border:1px solid var(--colors-colorBorder-tertiary, #DCE0E5);border-radius:var(--borderRadius-round, 9999px);padding:0.25rem 6px;}.css-1d05ks6 .toggler-wrapper .loader-wrapper{width:33%;display:-webkit-box;display:-webkit-flex;display:-ms-flexbox;display:flex;-webkit-box-pack:center;-ms-flex-pack:center;-webkit-justify-content:center;justify-content:center;background-color:var(--colors-colorBackground-primary-default, var(--colors-background-default, #FFFFFF));position:absolute;left:50%;-webkit-transform:translate(-50%);-moz-transform:translate(-50%);-ms-transform:translate(-50%);transform:translate(-50%);z-index:1;}.css-1d05ks6 .toggler-wrapper:focus{box-shadow:0 0 0 2px var(--colors-colorExtended-focusState-default, var(--colors-info-main, #2670EE));}.css-a6sib9{position:relative;border:0.0625rem solid transparent;margin:0;cursor:pointer;outline:none;text-align:left;-webkit-text-decoration:none;text-decoration:none;display:-webkit-inline-box;display:-webkit-inline-flex;display:-ms-inline-flexbox;display:inline-flex;-webkit-align-items:center;-webkit-box-align:center;-ms-flex-align:center;align-items:center;vertical-align:top;border-radius:var(--borderRadius-round, 9999px);background:var(--colors-colorBackground-brand-default, var(--colors-primary-main, #E01A22));color:var(--colors-colorForeground-inverse, var(--colors-common-white, #FFFFFF));padding:0.5rem 1.25rem;font-family:var(--typography-body_300_bold-fontFamily, var(--typography-body-fontFamily,"SourceSansPro","Lucida Sans",sans-serif));font-size:var(--typography-body_300_bold-fontSize, 1rem);line-height:var(--typography-body_300_bold-lineHeight, 1.5rem);font-weight:var(--typography-body_300_bold-fontWeight, 600);letter-spacing:var(--typography-body_300_bold-letterSpacing, 0px);font-style:var(--typography-body_300_bold-fontStyle, normal);}.css-a6sib9:focus{z-index:1;outline-color:transparent;box-shadow:0 0 0 2px var(--colors-colorBorder-inverse, var(--colors-common-white, #FFFFFF)),0 0 0 4px var(--colors-colorExtended-focusState-default, var(--colors-info-main, #2670EE));}.css-a6sib9:focus:not(:focus-visible){box-shadow:none;}.css-a6sib9:focus-visible{z-index:1;outline-color:transparent;box-shadow:0 0 0 2px var(--colors-colorBorder-inverse, var(--colors-common-white, #FFFFFF)),0 0 0 4px var(--colors-colorExtended-focusState-default, var(--colors-info-main, #2670EE));}.css-a6sib9 svg{color:var(--colors-colorForeground-inverse, var(--colors-common-white, #FFFFFF));}.css-a6sib9 .external-svg{background-color:var(--colors-colorForeground-inverse, var(--colors-common-white, #FFFFFF));}.css-a6sib9:hover{background:var(--colors-colorBackground-brand-hover, var(--colors-primary-dark, #B9091D));}.css-a6sib9:active{background:var(--colors-colorBackground-brand-active, #960319);}.css-a6sib9:disabled,.css-a6sib9:hover:disabled,.css-a6sib9:focus:disabled,.css-a6sib9.disabled,.css-a6sib9.disabled:hover,.css-a6sib9.disabled:focus{background:var(--colors-colorBackground-brand-active, #960319);opacity:0.25;}@media (hover:none){.css-a6sib9:hover{background:var(--colors-colorBackground-brand-default, var(--colors-primary-main, #E01A22));}.css-a6sib9:active{background:var(--colors-colorBackground-brand-active, #960319);}}.css-a6sib9 img,.css-a6sib9 svg,.css-a6sib9 .external-svg{width:20px;height:20px;}.css-a6sib9 .indicator{padding:0.25rem;min-width:0.5rem;height:0.5rem;position:absolute;top:-0.0625rem;left:0.8125rem;}.css-a6sib9:disabled,.css-a6sib9.disabled{cursor:not-allowed;}.css-1yy9p6o{display:block;background-color:rgba(48, 56, 64, 0.11);height:1.2em;position:relative;overflow:hidden;-webkit-mask-image:-webkit-radial-gradient(white, black);background:var(--colors-colorBackground-secondary-default, #F2F5F8);margin:0px 0px 0px 0px;width:100%;height:auto;padding-top:100%;}.css-1yy9p6o::after{background:linear-gradient(
                90deg,
                transparent,
                rgba(0, 0, 0, 0.04),
                transparent
              );content:"";position:absolute;-webkit-transform:translateX(-100%);-moz-transform:translateX(-100%);-ms-transform:translateX(-100%);transform:translateX(-100%);bottom:0;left:0;right:0;top:0;}.css-1yy9p6o::after{-webkit-animation:animation-wiooy9 2s linear 0.5s infinite;animation:animation-wiooy9 2s linear 0.5s infinite;}.css-1yy9p6o.MuiSkeleton-wave::after{background:linear-gradient(
        90deg,
        transparent,
        var(--colors-colorBackground-secondary-default, #F2F5F8),
        transparent
      );-webkit-filter:brightness(0.975);filter:brightness(0.975);}.css-7g8o32{position:relative;display:-webkit-box;display:-webkit-flex;display:-ms-flexbox;display:flex;-webkit-flex-direction:column;-ms-flex-direction:column;flex-direction:column;-webkit-align-items:center;-webkit-box-align:center;-ms-flex-align:center;align-items:center;-webkit-box-pack:center;-ms-flex-pack:center;-webkit-justify-content:center;justify-content:center;background-color:var(--colors-colorBackground-primary-default, var(--colors-background-default, #FFFFFF));width:3.875rem;height:3.875rem;border:0.375rem solid;box-shadow:0px 0px 0px 0.0625rem var(--colors-colorBorder-inverse, var(--colors-common-white, #FFFFFF));color:var(--colors-colorForeground-primary, var(--colors-text-primary, #303840));border-color:var(--colors-colorBorder-brand, var(--colors-primary-main, #E01A22));border-radius:var(--borderRadius-round, 9999px);padding:0.25rem;}.css-7g8o32 .roundel-text{font-family:var(--typography-roundel_bold-fontFamily, var(--typography-heading-fontFamilyBold,var(--typography-heading-fontFamily,"AvantGardeGothic-bold","Arial Black",sans-serif)));font-size:var(--typography-roundel_bold-fontSize, 1rem);line-height:var(--typography-roundel_bold-lineHeight, 1.5rem);font-weight:var(--typography-roundel_bold-fontWeight, 900);letter-spacing:var(--typography-roundel_bold-letterSpacing, 0);font-style:var(--typography-roundel_bold-fontStyle, normal);text-align:center;line-height:1.1em;}.css-7g8o32 .roundel-text.down-down,.css-7g8o32 .roundel-text.try-now,.css-7g8o32 .roundel-text.tried-this,.css-7g8o32 .roundel-text.every-day{font-size:0.75rem;}.css-7g8o32 .roundel-text.locked,.css-7g8o32 .roundel-text.big-pack-value{font-size:0.625rem;}.css-7g8o32 .roundel-text.while-stocks-last{font-size:0.625rem;line-height:1em;}.css-7g8o32 .roundel-text.reduced-to-clear{font-size:0.5rem;}.css-7g8o32 .roundel-text.mix-and-match{font-size:0.625rem;}.css-7g8o32 .roundel-text.combo-deal{font-size:0.625rem;}.css-7g8o32 .roundel-text.new{font-size:1.125rem;}.css-7g8o32 .roundel-text.new-look{font-size:0.75rem;}.css-7g8o32 .roundel-text.buy-1-get-1-free{font-size:0.43125rem;}.css-7g8o32 .roundel-text.buy-2-get-3rd-free{font-size:0.41875rem;}.css-7g8o32 .roundel-text.this-week-only{font-size:0.75rem;}.css-7g8o32 .roundel-text.dropped-and-locked{font-size:0.5rem;padding:0.125rem;}.css-7g8o32 .roundel-text.better-than-half-price{font-size:0.53125rem;line-height:1em;}.css-7g8o32 .roundel-text.multi-buy{font-size:0.5rem;}.css-7g8o32 .roundel-text.free-click-and-collect-rapid,.css-7g8o32 .roundel-text.free-same-day-delivery,.css-7g8o32 .roundel-text.free-rapid-delivery,.css-7g8o32 .roundel-text.free-delivery{font-size:0.5rem;}.css-7g8o32 .roundel-text.flash-sale-price-specials,.css-7g8o32 .roundel-text.simple-fixed-price-specials,.css-7g8o32 .roundel-text.multi_save,.css-7g8o32 .roundel-text.mix_save{letter-spacing:0rem;font-size:0.625rem;}.css-7g8o32 .roundel-text.flash-sale-price-specials.is-half-price,.css-7g8o32 .roundel-text.simple-fixed-price-specials.is-half-price,.css-7g8o32 .roundel-text.multi_save.is-half-price,.css-7g8o32 .roundel-text.mix_save.is-half-price{font-size:1.125rem;}.css-7g8o32 .roundel-text.simple-fixed-price-specials-online-only,.css-7g8o32 .roundel-text.complex-promotion-online-only{letter-spacing:0rem;margin-top:0;font-size:0.625rem;}.css-7g8o32 .roundel-text.simple-fixed-price-specials-online-only.is-half-price,.css-7g8o32 .roundel-text.complex-promotion-online-only.is-half-price{font-size:0.875rem;}.css-7g8o32 .roundel-text.simple-fixed-price-specials-quick-sale{letter-spacing:0rem;margin-top:0;font-size:0.625rem;}.css-7g8o32 .roundel-text.simple-fixed-price-specials-quick-sale.is-default-percent-off{font-size:0.8125rem;margin-top:-0.625rem;}.css-7g8o32 .roundel-text.new-online-only,.css-7g8o32 .roundel-text.new-deliver-more{margin-top:-0.75rem;font-size:0.9375rem;}.css-7g8o32 .roundel-text.bonus-campaign-collectible,.css-7g8o32 .roundel-text.campaign-free-credits,.css-7g8o32 .roundel-text.bonus-campaign-credits{display:-webkit-box;display:-webkit-flex;display:-ms-flexbox;display:flex;-webkit-align-items:center;-webkit-box-align:center;-ms-flex-align:center;align-items:center;-webkit-box-pack:center;-ms-flex-pack:center;-webkit-justify-content:center;justify-content:center;font-size:0.5625rem;width:3.125rem;height:1rem;background-color:var(--colors-colorBackground-brand-default, var(--colors-primary-main, #E01A22));color:var(--colors-colorForeground-inverse, var(--colors-common-white, #FFFFFF));border-radius:var(--borderRadius-sm, 4px);text-transform:initial;}.css-7g8o32 .roundel-text.fly-buys-x-points{color:var(--colors-colorExtended-flybuys-tertiary, #03156C);font-size:1.125rem;letter-spacing:-0.0625rem;padding-top:0.3125rem;}.css-7g8o32 .roundel-text.win-at-coles{font-size:0.5rem;}.css-7g8o32 .roundel-text.mix-n-save{font-size:0.4375rem;margin-top:-0.5rem;}.css-7g8o32 .roundel-text.mix-n-save .quantity{font-size:0.6875rem;}.css-7g8o32 .roundel-text.annual-save{font-size:0.9375rem;}.css-7g8o32 .roundel-text.member-exclusive-offers{font-size:0.533125rem;}.css-7g8o32 .roundel-text.priority-care{font-size:0.533125rem;}.css-7g8o32 .roundel-text.early-access{font-size:0.8rem;}.css-7g8o32 .roundel-text.new-at-coles,.css-7g8o32 .roundel-text.new-only-at-coles,.css-7g8o32 .roundel-text.only-at-coles{font-size:0.5rem;word-spacing:revert;line-height:0.75rem;}.css-7g8o32 .roundel-text.new-at-coles::first-line,.css-7g8o32 .roundel-text.new-only-at-coles::first-line,.css-7g8o32 .roundel-text.only-at-coles::first-line{font-size:0.6875rem;word-spacing:3.875rem;}.css-7g8o32 .roundel-text.new-at-coles +.roundel-adornment svg,.css-7g8o32 .roundel-text.new-only-at-coles +.roundel-adornment svg,.css-7g8o32 .roundel-text.only-at-coles +.roundel-adornment svg{height:0.6875rem;padding-top:0.125rem;}.css-7g8o32 .roundel-icon.fly-buys{width:2.625rem;}.css-7g8o32 .roundel-icon.fly-buys-online-only{width:1.875rem;height:0.9375rem;}.css-7g8o32 .roundel-icon.fly-buys-points{width:2.0625rem;height:1.0625rem;}.css-7g8o32 .roundel-icon.fly-buys-x-points{width:1.875rem;height:0.625rem;}.css-7g8o32 .roundel-icon svg{width:100%;height:100%;}.css-7g8o32 .roundel-adornment{font-family:var(--typography-roundel_bold-fontFamily, var(--typography-heading-fontFamilyBold,var(--typography-heading-fontFamily,"AvantGardeGothic-bold","Arial Black",sans-serif)));font-size:var(--typography-roundel_bold-fontSize, 1rem);line-height:var(--typography-roundel_bold-lineHeight, 1.5rem);font-weight:var(--typography-roundel_bold-fontWeight, 900);letter-spacing:var(--typography-roundel_bold-letterSpacing, 0);font-style:var(--typography-roundel_bold-fontStyle, normal);text-align:center;line-height:1em;}.css-7g8o32 .roundel-adornment.bonus-campaign-collectible,.css-7g8o32 .roundel-adornment.campaign-free-credits,.css-7g8o32 .roundel-adornment.bonus-campaign-credits{color:var(--colors-colorForeground-inverse, var(--colors-common-white, #FFFFFF));padding-top:0.125rem;font-size:0.5625rem;white-space:pre;}.css-7g8o32 .roundel-adornment.mix-n-save{font-size:0.6875rem;}.css-7g8o32 .roundel-adornment.buy-1-get-1-free,.css-7g8o32 .roundel-adornment.buy-2-get-3rd-free{font-size:0.875rem;}.css-7g8o32 .roundel-adornment.bonus-campaign-credits::after{content:'*';position:absolute;}.css-7g8o32 .roundel-adornment.bonus-campaign-collectible{font-size:0.5rem;}.css-7g8o32 .roundel-adornment.fly-buys-online-only{color:var(--colors-colorExtended-flybuys-tertiary, #03156C);font-size:0.625rem;}.css-7g8o32 .roundel-adornment.fly-buys-points{color:var(--colors-colorExtended-flybuys-tertiary, #03156C);font-size:0.625rem;letter-spacing:-0.0625rem;}.css-7g8o32 .roundel-adornment.fly-buys-x-points{color:var(--colors-colorExtended-flybuys-tertiary, #03156C);font-size:0.5rem;line-height:0.5rem;padding-bottom:0.3125rem;}.css-7g8o32 .roundel-adornment.simple-fixed-price-specials{font-size:0.875rem;line-height:0.7em;}.css-7g8o32 .roundel-adornment.simple-fixed-price-specials.is-half-price{font-size:0.75rem;}.css-7g8o32 .roundel-adornment.flash-sale-price-specials{font-size:0.875rem;line-height:0.7em;}.css-7g8o32 .roundel-adornment.simple-fixed-price-specials-online-only,.css-7g8o32 .roundel-adornment.simple-fixed-price-specials-quick-sale,.css-7g8o32 .roundel-adornment.complex-promotion-online-only{font-size:0.75rem;margin-top:-0.125rem;}.css-7g8o32 .roundel-adornment.free-click-and-collect-rapid,.css-7g8o32 .roundel-adornment.free-same-day-delivery,.css-7g8o32 .roundel-adornment.free-rapid-delivery,.css-7g8o32 .roundel-adornment.free-delivery{font-size:0.5rem;white-space:pre;}.css-7g8o32 .roundel-adornment.annual-save{font-size:0.46875rem;}.css-7g8o32 .roundel-adornment.priority-care{font-size:0.866875rem;}.css-7g8o32 .roundel-adornment.early-access{font-size:0.6rem;}.css-7g8o32 .roundel-online-badge{font-family:var(--typography-roundel_bold-fontFamily, var(--typography-heading-fontFamilyBold,var(--typography-heading-fontFamily,"AvantGardeGothic-bold","Arial Black",sans-serif)));font-size:var(--typography-roundel_bold-fontSize, 1rem);line-height:var(--typography-roundel_bold-lineHeight, 1.5rem);font-weight:var(--typography-roundel_bold-fontWeight, 900);letter-spacing:var(--typography-roundel_bold-letterSpacing, 0);font-style:var(--typography-roundel_bold-fontStyle, normal);text-align:center;position:absolute;background-color:var(--colors-colorBackground-inverse-default, #303840);color:var(--colors-colorForeground-inverse, var(--colors-common-white, #FFFFFF));line-height:1em;display:none;width:2.875rem;height:1.5rem;font-size:0.625rem;border-radius:0.125rem;padding-top:0.125rem;outline:0.0625rem solid var(--colors-colorBackground-primary-default, var(--colors-background-default, #FFFFFF));bottom:-0.5rem;}.css-1b3dj01{position:relative;display:-webkit-box;display:-webkit-flex;display:-ms-flexbox;display:flex;-webkit-flex-direction:column;-ms-flex-direction:column;flex-direction:column;-webkit-align-items:center;-webkit-box-align:center;-ms-flex-align:center;align-items:center;-webkit-box-pack:center;-ms-flex-pack:center;-webkit-justify-content:center;justify-content:center;background-color:var(--colors-colorBackground-primary-default, var(--colors-background-default, #FFFFFF));width:3.875rem;height:3.875rem;border:0.375rem solid;box-shadow:0px 0px 0px 0.0625rem var(--colors-colorBorder-inverse, var(--colors-common-white, #FFFFFF));color:var(--colors-colorForeground-primary, var(--colors-text-primary, #303840));border-color:var(--colors-colorBorder-brand, var(--colors-primary-main, #E01A22));border-radius:var(--borderRadius-round, 9999px);padding:0.25rem;}.css-1b3dj01 .roundel-text{font-family:var(--typography-roundel_bold-fontFamily, var(--typography-heading-fontFamilyBold,var(--typography-heading-fontFamily,"AvantGardeGothic-bold","Arial Black",sans-serif)));font-size:var(--typography-roundel_bold-fontSize, 1rem);line-height:var(--typography-roundel_bold-lineHeight, 1.5rem);font-weight:var(--typography-roundel_bold-fontWeight, 900);letter-spacing:var(--typography-roundel_bold-letterSpacing, 0);font-style:var(--typography-roundel_bold-fontStyle, normal);text-align:center;line-height:1.1em;}.css-1b3dj01 .roundel-text.down-down,.css-1b3dj01 .roundel-text.try-now,.css-1b3dj01 .roundel-text.tried-this,.css-1b3dj01 .roundel-text.every-day{font-size:0.75rem;}.css-1b3dj01 .roundel-text.locked,.css-1b3dj01 .roundel-text.big-pack-value{font-size:0.625rem;}.css-1b3dj01 .roundel-text.while-stocks-last{font-size:0.625rem;line-height:1em;}.css-1b3dj01 .roundel-text.reduced-to-clear{font-size:0.5rem;}.css-1b3dj01 .roundel-text.mix-and-match{font-size:0.625rem;}.css-1b3dj01 .roundel-text.combo-deal{font-size:0.625rem;}.css-1b3dj01 .roundel-text.new{font-size:1.125rem;}.css-1b3dj01 .roundel-text.new-look{font-size:0.75rem;}.css-1b3dj01 .roundel-text.buy-1-get-1-free{font-size:0.43125rem;}.css-1b3dj01 .roundel-text.buy-2-get-3rd-free{font-size:0.41875rem;}.css-1b3dj01 .roundel-text.this-week-only{font-size:0.75rem;}.css-1b3dj01 .roundel-text.dropped-and-locked{font-size:0.5rem;padding:0.125rem;}.css-1b3dj01 .roundel-text.better-than-half-price{font-size:0.53125rem;line-height:1em;}.css-1b3dj01 .roundel-text.multi-buy{font-size:0.5rem;}.css-1b3dj01 .roundel-text.free-click-and-collect-rapid,.css-1b3dj01 .roundel-text.free-same-day-delivery,.css-1b3dj01 .roundel-text.free-rapid-delivery,.css-1b3dj01 .roundel-text.free-delivery{font-size:0.5rem;}.css-1b3dj01 .roundel-text.flash-sale-price-specials,.css-1b3dj01 .roundel-text.simple-fixed-price-specials,.css-1b3dj01 .roundel-text.multi_save,.css-1b3dj01 .roundel-text.mix_save{letter-spacing:0rem;font-size:0.625rem;}.css-1b3dj01 .roundel-text.flash-sale-price-specials.is-half-price,.css-1b3dj01 .roundel-text.simple-fixed-price-specials.is-half-price,.css-1b3dj01 .roundel-text.multi_save.is-half-price,.css-1b3dj01 .roundel-text.mix_save.is-half-price{font-size:1.125rem;}.css-1b3dj01 .roundel-text.simple-fixed-price-specials-online-only,.css-1b3dj01 .roundel-text.complex-promotion-online-only{letter-spacing:0rem;margin-top:0;font-size:0.625rem;}.css-1b3dj01 .roundel-text.simple-fixed-price-specials-online-only.is-half-price,.css-1b3dj01 .roundel-text.complex-promotion-online-only.is-half-price{font-size:0.875rem;}.css-1b3dj01 .roundel-text.simple-fixed-price-specials-quick-sale{letter-spacing:0rem;margin-top:0;font-size:0.625rem;}.css-1b3dj01 .roundel-text.simple-fixed-price-specials-quick-sale.is-default-percent-off{font-size:0.8125rem;margin-top:-0.625rem;}.css-1b3dj01 .roundel-text.new-online-only,.css-1b3dj01 .roundel-text.new-deliver-more{margin-top:-0.75rem;font-size:0.9375rem;}.css-1b3dj01 .roundel-text.bonus-campaign-collectible,.css-1b3dj01 .roundel-text.campaign-free-credits,.css-1b3dj01 .roundel-text.bonus-campaign-credits{display:-webkit-box;display:-webkit-flex;display:-ms-flexbox;display:flex;-webkit-align-items:center;-webkit-box-align:center;-ms-flex-align:center;align-items:center;-webkit-box-pack:center;-ms-flex-pack:center;-webkit-justify-content:center;justify-content:center;font-size:0.5625rem;width:3.125rem;height:1rem;background-color:var(--colors-colorBackground-brand-default, var(--colors-primary-main, #E01A22));color:var(--colors-colorForeground-inverse, var(--colors-common-white, #FFFFFF));border-radius:var(--borderRadius-sm, 4px);text-transform:initial;}.css-1b3dj01 .roundel-text.fly-buys-x-points{color:var(--colors-colorExtended-flybuys-tertiary, #03156C);font-size:1.125rem;letter-spacing:-0.0625rem;padding-top:0.3125rem;}.css-1b3dj01 .roundel-text.win-at-coles{font-size:0.5rem;}.css-1b3dj01 .roundel-text.mix-n-save{font-size:0.4375rem;margin-top:-0.5rem;}.css-1b3dj01 .roundel-text.mix-n-save .quantity{font-size:0.6875rem;}.css-1b3dj01 .roundel-text.annual-save{font-size:0.9375rem;}.css-1b3dj01 .roundel-text.member-exclusive-offers{font-size:0.533125rem;}.css-1b3dj01 .roundel-text.priority-care{font-size:0.533125rem;}.css-1b3dj01 .roundel-text.early-access{font-size:0.8rem;}.css-1b3dj01 .roundel-text.new-at-coles,.css-1b3dj01 .roundel-text.new-only-at-coles,.css-1b3dj01 .roundel-text.only-at-coles{font-size:0.5rem;word-spacing:revert;line-height:0.75rem;}.css-1b3dj01 .roundel-text.new-at-coles::first-line,.css-1b3dj01 .roundel-text.new-only-at-coles::first-line,.css-1b3dj01 .roundel-text.only-at-coles::first-line{font-size:0.6875rem;word-spacing:3.875rem;}.css-1b3dj01 .roundel-text.new-at-coles +.roundel-adornment svg,.css-1b3dj01 .roundel-text.new-only-at-coles +.roundel-adornment svg,.css-1b3dj01 .roundel-text.only-at-coles +.roundel-adornment svg{height:0.6875rem;padding-top:0.125rem;}.css-1b3dj01 .roundel-icon.fly-buys{width:2.625rem;}.css-1b3dj01 .roundel-icon.fly-buys-online-only{width:1.875rem;height:0.9375rem;}.css-1b3dj01 .roundel-icon.fly-buys-points{width:2.0625rem;height:1.0625rem;}.css-1b3dj01 .roundel-icon.fly-buys-x-points{width:1.875rem;height:0.625rem;}.css-1b3dj01 .roundel-icon svg{width:100%;height:100%;}.css-1b3dj01 .roundel-adornment{font-family:var(--typography-roundel_bold-fontFamily, var(--typography-heading-fontFamilyBold,var(--typography-heading-fontFamily,"AvantGardeGothic-bold","Arial Black",sans-serif)));font-size:var(--typography-roundel_bold-fontSize, 1rem);line-height:var(--typography-roundel_bold-lineHeight, 1.5rem);font-weight:var(--typography-roundel_bold-fontWeight, 900);letter-spacing:var(--typography-roundel_bold-letterSpacing, 0);font-style:var(--typography-roundel_bold-fontStyle, normal);text-align:center;line-height:1em;}.css-1b3dj01 .roundel-adornment.bonus-campaign-collectible,.css-1b3dj01 .roundel-adornment.campaign-free-credits,.css-1b3dj01 .roundel-adornment.bonus-campaign-credits{color:var(--colors-colorForeground-inverse, var(--colors-common-white, #FFFFFF));padding-top:0.125rem;font-size:0.5625rem;white-space:pre;}.css-1b3dj01 .roundel-adornment.mix-n-save{font-size:0.6875rem;}.css-1b3dj01 .roundel-adornment.buy-1-get-1-free,.css-1b3dj01 .roundel-adornment.buy-2-get-3rd-free{font-size:0.875rem;}.css-1b3dj01 .roundel-adornment.bonus-campaign-credits::after{content:'*';position:absolute;}.css-1b3dj01 .roundel-adornment.bonus-campaign-collectible{font-size:0.5rem;}.css-1b3dj01 .roundel-adornment.fly-buys-online-only{color:var(--colors-colorExtended-flybuys-tertiary, #03156C);font-size:0.625rem;}.css-1b3dj01 .roundel-adornment.fly-buys-points{color:var(--colors-colorExtended-flybuys-tertiary, #03156C);font-size:0.625rem;letter-spacing:-0.0625rem;}.css-1b3dj01 .roundel-adornment.fly-buys-x-points{color:var(--colors-colorExtended-flybuys-tertiary, #03156C);font-size:0.5rem;line-height:0.5rem;padding-bottom:0.3125rem;}.css-1b3dj01 .roundel-adornment.simple-fixed-price-specials{font-size:0.875rem;line-height:0.7em;}.css-1b3dj01 .roundel-adornment.simple-fixed-price-specials.is-half-price{font-size:0.75rem;}.css-1b3dj01 .roundel-adornment.flash-sale-price-specials{font-size:0.875rem;line-height:0.7em;}.css-1b3dj01 .roundel-adornment.simple-fixed-price-specials-online-only,.css-1b3dj01 .roundel-adornment.simple-fixed-price-specials-quick-sale,.css-1b3dj01 .roundel-adornment.complex-promotion-online-only{font-size:0.75rem;margin-top:-0.125rem;}.css-1b3dj01 .roundel-adornment.free-click-and-collect-rapid,.css-1b3dj01 .roundel-adornment.free-same-day-delivery,.css-1b3dj01 .roundel-adornment.free-rapid-delivery,.css-1b3dj01 .roundel-adornment.free-delivery{font-size:0.5rem;white-space:pre;}.css-1b3dj01 .roundel-adornment.annual-save{font-size:0.46875rem;}.css-1b3dj01 .roundel-adornment.priority-care{font-size:0.866875rem;}.css-1b3dj01 .roundel-adornment.early-access{font-size:0.6rem;}.css-1b3dj01 .roundel-online-badge{font-family:var(--typography-roundel_bold-fontFamily, var(--typography-heading-fontFamilyBold,var(--typography-heading-fontFamily,"AvantGardeGothic-bold","Arial Black",sans-serif)));font-size:var(--typography-roundel_bold-fontSize, 1rem);line-height:var(--typography-roundel_bold-lineHeight, 1.5rem);font-weight:var(--typography-roundel_bold-fontWeight, 900);letter-spacing:var(--typography-roundel_bold-letterSpacing, 0);font-style:var(--typography-roundel_bold-fontStyle, normal);text-align:center;position:absolute;background-color:var(--colors-colorBackground-inverse-default, #303840);color:var(--colors-colorForeground-inverse, var(--colors-common-white, #FFFFFF));line-height:1em;display:block;width:2.875rem;height:1.5rem;font-size:0.625rem;border-radius:0.125rem;padding-top:0.125rem;outline:0.0625rem solid var(--colors-colorBackground-primary-default, var(--colors-background-default, #FFFFFF));bottom:-0.5rem;}.css-5jeq1z{border:1px solid transparent;position:relative;display:-webkit-box;display:-webkit-flex;display:-ms-flexbox;display:flex;-webkit-flex-direction:column;-ms-flex-direction:column;flex-direction:column;width:100%;height:100%;padding:0.5rem;}@media (min-width: 480px){.css-5jeq1z:hover{border:1px solid;border-color:var(--colors-colorBorder-tertiary, #DCE0E5);box-shadow:var(--shadows-lg, 0px 8px 16px rgba(33, 33, 33, 0.12));border-radius:var(--borderRadius-md, 8px);}}.css-5jeq1z.is-placeholder:hover{border-color:transparent;box-shadow:none;}.css-5jeq1z .product__link{display:block;}.css-5jeq1z .product__link:hover,.css-5jeq1z .product__link:focus{outline:none;-webkit-text-decoration:underline;text-decoration:underline;}.css-5jeq1z .show-on-small-screen{display:none;}.css-5jeq1z .hide-on-small-screen{display:block;}.css-5jeq1z.small-screen .hide-on-small-screen{display:none;}.css-5jeq1z.small-screen .placeholder_is-small{display:block;}.css-5jeq1z.small-screen .product__header{display:-webkit-box;display:-webkit-flex;display:-ms-flexbox;display:flex;-webkit-flex-direction:column;-ms-flex-direction:column;flex-direction:column;}.css-5jeq1z.small-screen .product__header .e5c6fhg23{-webkit-flex:2;-ms-flex:2;flex:2;margin-right:0;}.css-5jeq1z.small-screen .product__header .product__message-title_area{-webkit-flex:3;-ms-flex:3;flex:3;}.css-5jeq1z.small-screen .product__pricing_area.show-on-small-screen{display:block;min-height:auto;margin-top:0.5rem;}.css-5jeq1z:hover .product-tiles-btn{background-color:var(--colors-colorBackground-brand-default, var(--colors-primary-main, #E01A22));color:var(--colors-colorForeground-inverse, var(--colors-common-white, #FFFFFF));border:none;}.css-5jeq1z:hover .product-tiles-btn svg{color:var(--colors-colorForeground-inverse, var(--colors-common-white, #FFFFFF));}.css-5jeq1z .product-tiles-btn:hover{background-color:var(--colors-colorBackground-brand-hover, var(--colors-primary-dark, #B9091D));}.css-5jeq1z .product-tiles-btn:active{background-color:var(--colors-colorBackground-brand-active, #960319);}@media (min-width: 1200px) and (min-width: 0){.css-5jeq1z{padding:0.5rem;}}.css-5jeq1z .product__header .product__badge{position:absolute;top:0.25rem;left:0;z-index:1;}.css-5jeq1z .product__header .product__pricing_area{display:block;min-height:auto;margin-top:0.5rem;}.css-5jeq1z .product__header .product__image_area{margin-bottom:0;}.css-5jeq1z .product__header .product__image_area .product__image.product__image_button{cursor:pointer;}.css-5jeq1z .product__header .product__image_area .product__link{display:-webkit-box;display:-webkit-flex;display:-ms-flexbox;display:flex;-webkit-box-pack:center;-ms-flex-pack:center;-webkit-justify-content:center;justify-content:center;margin-left:-0.25rem;margin-right:-0.25rem;}.css-5jeq1z .product__header .product__image_area .product__link>*{border:1px solid transparent;}.css-5jeq1z .product__header .product__image_area .product__link>*:hover{border:1px solid var(--colors-colorBorder-primary, #303840);}.css-5jeq1z .product__header .product__image_area .product__link:focus-visible>*{box-shadow:0 0 0 2px var(--colors-colorBorder-inverse, var(--colors-common-white, #FFFFFF)),0px 0px 0px 0.25rem var(--colors-colorExtended-focusState-default, var(--colors-info-main, #2670EE));}.css-5jeq1z .product__message-title_area .product__link:hover .product__title,.css-5jeq1z .product__message-title_area .product__title_button:hover .product__title,.css-5jeq1z .product__message-title_area .product__link:focus .product__title,.css-5jeq1z .product__message-title_area .product__title_button:focus .product__title{-webkit-text-decoration:underline;text-decoration:underline;}.css-5jeq1z .product__message-title_area .product__link:focus-visible .product__title,.css-5jeq1z .product__message-title_area .product__title_button:focus-visible .product__title{box-shadow:0 0 0 2px var(--colors-colorBorder-inverse, var(--colors-common-white, #FFFFFF)),0px 0px 0px 0.25rem var(--colors-colorExtended-focusState-default, var(--colors-info-main, #2670EE));}.css-5jeq1z .product__message-title_area .product__link .product__title,.css-5jeq1z .product__message-title_area .product__title_button .product__title{font-family:var(--typography-body_200_bold-fontFamily, var(--typography-body-fontFamily,"SourceSansPro","Lucida Sans",sans-serif));font-size:var(--typography-body_200_bold-fontSize, 0.875rem);line-height:var(--typography-body_200_bold-lineHeight, 1.25rem);font-weight:var(--typography-body_200_bold-fontWeight, 600);letter-spacing:var(--typography-body_200_bold-letterSpacing, 0.16px);font-style:var(--typography-body_200_bold-fontStyle, normal);color:var(--colors-colorForeground-primary, var(--colors-text-primary, #303840));min-height:3.75rem;}.css-5jeq1z .product__message-title_area .product__title_button{cursor:pointer;padding-top:1.5rem;}.css-5jeq1z .product__message-title_area .product__top_messaging{position:absolute;display:-webkit-box;display:-webkit-flex;display:-ms-flexbox;display:flex;-webkit-box-flex-wrap:nowrap;-webkit-flex-wrap:nowrap;-ms-flex-wrap:nowrap;flex-wrap:nowrap;overflow-x:hidden;margin-bottom:0.25rem;}@media (min-width: 1200px) and (min-width: 0){.css-5jeq1z .product__message-title_area .product__top_messaging{overflow-x:visible;}}.css-5jeq1z .product__message-title_area .product__top_messaging .product__top_messaging__item{-webkit-flex:none;-ms-flex:none;flex:none;font-family:var(--typography-body_200-fontFamily, var(--typography-body-fontFamily,"SourceSansPro","Lucida Sans",sans-serif));font-size:var(--typography-body_200-fontSize, 0.875rem);line-height:var(--typography-body_200-lineHeight, 1.25rem);font-weight:var(--typography-body_200-fontWeight, 400);letter-spacing:var(--typography-body_200-letterSpacing, 0.16px);font-style:var(--typography-body_200-fontStyle, normal);color:var(--colors-colorForeground-secondary, #636C74);}.css-5jeq1z .product__message-title_area .product__top_messaging .product__top_messaging__item:not(:first-of-type):before{content:'';margin-left:0.25rem;margin-right:0.25rem;}.css-5jeq1z .product__message-title_area .product__link{padding-top:1.5rem;}.css-5jeq1z .product__pricing_area .product__pricing{margin-bottom:0.5rem;}.css-5jeq1z .product__rating_area{margin-bottom:0.25rem;}.css-5jeq1z .product__offers_description{display:-webkit-box;display:-webkit-flex;display:-ms-flexbox;display:flex;-webkit-flex-direction:column;-ms-flex-direction:column;flex-direction:column;}.css-5jeq1z .product__offers_description >*{margin-bottom:0.25rem;}.css-5jeq1z .product__offers_description >*:last-child{margin-bottom:0px;}.css-5jeq1z .product__offers_description .product_promotion.flybuys{color:var(--colors-colorExtended-flybuys-primary, #0645FF);font-family:var(--typography-body_200_bold-fontFamily, var(--typography-body-fontFamily,"SourceSansPro","Lucida Sans",sans-serif));font-size:var(--typography-body_200_bold-fontSize, 0.875rem);line-height:var(--typography-body_200_bold-lineHeight, 1.25rem);font-weight:var(--typography-body_200_bold-fontWeight, 600);letter-spacing:var(--typography-body_200_bold-letterSpacing, 0.16px);font-style:var(--typography-body_200_bold-fontStyle, normal);}.css-5jeq1z .product__offers_description .product_promotion.complex{color:var(--colors-colorForeground-primary, var(--colors-text-primary, #303840));font-family:var(--typography-body_200-fontFamily, var(--typography-body-fontFamily,"SourceSansPro","Lucida Sans",sans-serif));font-size:var(--typography-body_200-fontSize, 0.875rem);line-height:var(--typography-body_200-lineHeight, 1.25rem);font-weight:var(--typography-body_200-fontWeight, 400);letter-spacing:var(--typography-body_200-letterSpacing, 0.16px);font-style:var(--typography-body_200-fontStyle, normal);}.css-5jeq1z .product__short_description{font-family:var(--typography-body_100-fontFamily, var(--typography-body-fontFamily,"SourceSansPro","Lucida Sans",sans-serif));font-size:var(--typography-body_100-fontSize, 0.75rem);line-height:var(--typography-body_100-lineHeight, 1rem);font-weight:var(--typography-body_100-fontWeight, 400);letter-spacing:var(--typography-body_100-letterSpacing, 0.32px);font-style:var(--typography-body_100-fontStyle, normal);color:var(--colors-colorForeground-secondary, #636C74);}.css-5jeq1z .unavailable-container{position:relative;white-space:nowrap;}.css-5jeq1z .unavailable-container .similar-product-unavailable{padding-bottom:0.5rem;}@media (min-width: 1200px){.css-5jeq1z .unavailable-container .similar-product-unavailable{padding-bottom:0;position:absolute;}}.css-5jeq1z .product__cta_section{height:100%;display:-webkit-box;display:-webkit-flex;display:-ms-flexbox;display:flex;-webkit-flex-direction:column;-ms-flex-direction:column;flex-direction:column;-webkit-box-pack:justify;-webkit-justify-content:space-between;justify-content:space-between;padding-top:0.5rem;}.css-5jeq1z .product__cta_section .product__link{color:var(--colors-colorForeground-brand, var(--colors-primary-main, #E01A22));-webkit-text-decoration:underline;text-decoration:underline;}.css-5jeq1z .product__cta_section .product__add_to_cart{width:100%;}.css-5jeq1z .product__cta_section .product__pricing_area{display:-webkit-box;display:-webkit-flex;display:-ms-flexbox;display:flex;-webkit-flex-direction:column;-ms-flex-direction:column;flex-direction:column;-webkit-box-pack:start;-ms-flex-pack:start;-webkit-justify-content:flex-start;justify-content:flex-start;-webkit-align-items:start;-webkit-box-align:start;-ms-flex-align:start;align-items:start;-webkit-flex-basis:100%;-ms-flex-preferred-size:100%;flex-basis:100%;}.css-5jeq1z.small-screen .product__cta_section{padding-top:0rem;}.css-1y9gd21{width:-webkit-fit-content;width:-moz-fit-content;width:fit-content;border:1px solid var(--colors-colorExtended-specials-default, #FEDC02);border-radius:var(--borderRadius-sm, 4px);background-color:var(--colors-colorBackground-tertiary, #FEFAF0);margin-top:0.25rem;padding:0.5rem;}@media (min-width: 768px){.css-1y9gd21{margin-top:0.5rem;}}.css-v6b4e7{position:relative;outline:none;border:0px;background:inherit;font-family:var(--typography-body_200-fontFamily, var(--typography-body-fontFamily,"SourceSansPro","Lucida Sans",sans-serif));font-size:var(--typography-body_200-fontSize, 0.875rem);line-height:var(--typography-body_200-lineHeight, 1.25rem);font-weight:var(--typography-body_200-fontWeight, 400);letter-spacing:var(--typography-body_200-letterSpacing, 0.16px);font-style:var(--typography-body_200-fontStyle, normal);color:var(--colors-colorForeground-brand, var(--colors-primary-main, #E01A22));-webkit-text-decoration:underline;text-decoration:underline;background:inherit;color:var(--colors-colorForeground-primary, var(--colors-text-primary, #303840));}.css-v6b4e7 svg{vertical-align:middle;width:16px;height:16px;}.css-v6b4e7:focus-visible{outline-offset:0.125rem;outline:0.125rem solid var(--colors-colorExtended-focusState-default, var(--colors-info-main, #2670EE));box-shadow:0px 0px 0px 0.375rem rgb(255 255 255 / 90%);border-radius:var(--borderRadius-sm, 4px);}.css-v6b4e7:hover{-webkit-text-decoration:none;text-decoration:none;}.css-v6b4e7:active{color:var(--colors-colorForeground-primary, var(--colors-text-primary, #303840));-webkit-text-decoration:none;text-decoration:none;}.css-v6b4e7:hover{cursor:pointer;}@media (hover:none){.css-v6b4e7:hover{-webkit-text-decoration:underline;text-decoration:underline;}.css-v6b4e7:active{-webkit-text-decoration:none;text-decoration:none;}}.css-v6b4e7:hover{cursor:pointer;}.css-14cunc4{display:-webkit-box;display:-webkit-flex;display:-ms-flexbox;display:flex;-webkit-box-pack:center;-ms-flex-pack:center;-webkit-justify-content:center;justify-content:center;padding:1.5rem 0 2rem 0;}@media (min-width: 1024px){.css-14cunc4{padding:2rem 0 3rem 0;}}@media (max-width: 479px){.css-1fkzvjp{margin:0 -0.5rem;}}.css-1bugksv{display:-webkit-box;display:-webkit-flex;display:-ms-flexbox;display:flex;-webkit-box-flex-wrap:wrap;-webkit-flex-wrap:wrap;-ms-flex-wrap:wrap;flex-wrap:wrap;-webkit-align-items:center;-webkit-box-align:center;-ms-flex-align:center;align-items:center;-webkit-box-pack:center;-ms-flex-pack:center;-webkit-justify-content:center;justify-content:center;gap:0.5rem;padding:0;margin:0;list-style:none;}@media (max-width: 479px){.css-1bugksv{gap:0.125rem;}}.css-1l90rcn{position:relative;border:0.0625rem solid transparent;margin:0;cursor:pointer;outline:none;text-align:left;-webkit-text-decoration:none;text-decoration:none;display:-webkit-inline-box;display:-webkit-inline-flex;display:-ms-inline-flexbox;display:inline-flex;-webkit-align-items:center;-webkit-box-align:center;-ms-flex-align:center;align-items:center;vertical-align:top;border-radius:var(--borderRadius-round, 9999px);background:var(--colors-colorBackground-primary-default, var(--colors-background-default, #FFFFFF));color:var(--colors-colorForeground-primary, var(--colors-text-primary, #303840));padding:0.5rem 1.25rem;font-family:var(--typography-body_300_bold-fontFamily, var(--typography-body-fontFamily,"SourceSansPro","Lucida Sans",sans-serif));font-size:var(--typography-body_300_bold-fontSize, 1rem);line-height:var(--typography-body_300_bold-lineHeight, 1.5rem);font-weight:var(--typography-body_300_bold-fontWeight, 600);letter-spacing:var(--typography-body_300_bold-letterSpacing, 0px);font-style:var(--typography-body_300_bold-fontStyle, normal);padding:8px;border:0px;}.css-1l90rcn:focus{z-index:1;outline-color:transparent;box-shadow:0 0 0 2px var(--colors-colorBorder-inverse, var(--colors-common-white, #FFFFFF)),0 0 0 4px var(--colors-colorExtended-focusState-default, var(--colors-info-main, #2670EE));}.css-1l90rcn:focus:not(:focus-visible){box-shadow:none;}.css-1l90rcn:focus-visible{z-index:1;outline-color:transparent;box-shadow:0 0 0 2px var(--colors-colorBorder-inverse, var(--colors-common-white, #FFFFFF)),0 0 0 4px var(--colors-colorExtended-focusState-default, var(--colors-info-main, #2670EE));}.css-1l90rcn svg{color:var(--colors-colorForeground-primary, var(--colors-text-primary, #303840));}.css-1l90rcn .external-svg{background-color:var(--colors-colorForeground-primary, var(--colors-text-primary, #303840));}.css-1l90rcn:hover{background:var(--colors-colorBackground-primary-hover, #F2F5F8);}.css-1l90rcn:active{background:var(--colors-colorBackground-primary-active, #DCE0E5);}.css-1l90rcn:focus{z-index:1;outline-color:transparent;box-shadow:0 0 0 2px var(--colors-colorExtended-focusState-default, var(--colors-info-main, #2670EE)),0 0 0 4px var(--colors-colorBorder-inverse, var(--colors-common-white, #FFFFFF));}.css-1l90rcn:focus:not(:focus-visible){box-shadow:none;}.css-1l90rcn:focus-visible{z-index:1;outline-color:transparent;box-shadow:0 0 0 2px var(--colors-colorExtended-focusState-default, var(--colors-info-main, #2670EE)),0 0 0 4px var(--colors-colorBorder-inverse, var(--colors-common-white, #FFFFFF));}.css-1l90rcn:disabled,.css-1l90rcn:hover:disabled,.css-1l90rcn:focus:disabled,.css-1l90rcn.disabled,.css-1l90rcn.disabled:hover,.css-1l90rcn.disabled:focus{background:var(--colors-colorBackground-primary-default, var(--colors-background-default, #FFFFFF));opacity:0.25;}@media (hover:none){.css-1l90rcn:hover{background:var(--colors-colorBackground-primary-default, var(--colors-background-default, #FFFFFF));}.css-1l90rcn:active{background:var(--colors-colorBackground-primary-active, #DCE0E5);}}.css-1l90rcn img,.css-1l90rcn svg,.css-1l90rcn .external-svg{width:20px;height:20px;}.css-1l90rcn .indicator{padding:0.25rem;min-width:0.5rem;height:0.5rem;position:absolute;top:-0.0625rem;left:0.8125rem;}.css-1l90rcn:disabled,.css-1l90rcn.disabled{cursor:not-allowed;}.css-1l90rcn:focus{z-index:1;outline-color:transparent;box-shadow:0 0 0 2px var(--colors-colorBorder-inverse, var(--colors-common-white, #FFFFFF)),0 0 0 4px var(--colors-colorExtended-focusState-default, var(--colors-info-main, #2670EE));}.css-yn3if{display:-webkit-inline-box;display:-webkit-inline-flex;display:-ms-inline-flexbox;display:inline-flex;-webkit-align-items:center;-webkit-box-align:center;-ms-flex-align:center;align-items:center;-webkit-box-pack:center;-ms-flex-pack:center;-webkit-justify-content:center;justify-content:center;position:relative;box-sizing:border-box;-webkit-tap-highlight-color:transparent;background-color:transparent;outline:0;border:0;margin:0;border-radius:0;padding:0;cursor:pointer;-webkit-user-select:none;-moz-user-select:none;-ms-user-select:none;user-select:none;vertical-align:middle;-moz-appearance:none;-webkit-appearance:none;-webkit-text-decoration:none;text-decoration:none;color:inherit;font-family:"SourceSansPro","Lucida Sans",sans-serif;font-weight:400;font-size:0.875rem;line-height:1.43;border-radius:16px;text-align:center;box-sizing:border-box;min-width:32px;height:32px;padding:0 6px;margin:0 3px;color:#303840;-webkit-transition:color 250ms cubic-bezier(0.4, 0, 0.2, 1) 0ms,background-color 250ms cubic-bezier(0.4, 0, 0.2, 1) 0ms;transition:color 250ms cubic-bezier(0.4, 0, 0.2, 1) 0ms,background-color 250ms cubic-bezier(0.4, 0, 0.2, 1) 0ms;margin:0;}.css-yn3if::-moz-focus-inner{border-style:none;}.css-yn3if.Mui-disabled{pointer-events:none;cursor:default;}@media print{.css-yn3if{-webkit-print-color-adjust:exact;color-adjust:exact;}}.css-yn3if.Mui-focusVisible{background-color:rgba(0, 0, 0, 0.12);}.css-yn3if.Mui-disabled{opacity:0.38;}.css-yn3if:hover{background-color:rgba(0, 0, 0, 0.04);}@media (hover: none){.css-yn3if:hover{background-color:transparent;}}.css-yn3if.Mui-selected{background-color:rgba(0, 0, 0, 0.08);}.css-yn3if.Mui-selected:hover{background-color:rgba(0, 0, 0, 0.12);}@media (hover: none){.css-yn3if.Mui-selected:hover{background-color:rgba(0, 0, 0, 0.08);}}.css-yn3if.Mui-selected.Mui-focusVisible{background-color:rgba(0, 0, 0, 0.2);}.css-yn3if.Mui-selected.Mui-disabled{opacity:1;color:rgba(0, 0, 0, 0.26);background-color:rgba(0, 0, 0, 0.08);}.css-yn3if.Mui-selected.Mui-disabled{color:rgba(0, 0, 0, 0.26);}.css-yn3if.MuiPaginationItem-page{font-family:var(--typography-body_300-fontFamily, var(--typography-body-fontFamily,"SourceSansPro","Lucida Sans",sans-serif));font-size:var(--typography-body_300-fontSize, 1rem);line-height:var(--typography-body_300-lineHeight, 1.5rem);font-weight:var(--typography-body_300-fontWeight, 400);letter-spacing:var(--typography-body_300-letterSpacing, 0px);font-style:var(--typography-body_300-fontStyle, normal);color:var(--colors-colorForeground-primary, var(--colors-text-primary, #303840));height:2.5rem;width:2.5rem;border:0;border-radius:var(--borderRadius-round, 9999px);display:-webkit-box;display:-webkit-flex;display:-ms-flexbox;display:flex;-webkit-align-items:center;-webkit-box-align:center;-ms-flex-align:center;align-items:center;-webkit-box-pack:center;-ms-flex-pack:center;-webkit-justify-content:center;justify-content:center;}.css-yn3if.MuiPaginationItem-page:focus,.css-yn3if.MuiPaginationItem-page.Mui-focusVisible:focus{z-index:1;outline-color:transparent;box-shadow:0 0 0 2px var(--colors-colorBorder-inverse, var(--colors-common-white, #FFFFFF)),0 0 0 4px var(--colors-colorExtended-focusState-default, var(--colors-info-main, #2670EE));}.css-yn3if.MuiPaginationItem-page.Mui-focusVisible{background:none;font-family:var(--typography-body_300_bold-fontFamily, var(--typography-body-fontFamily,"SourceSansPro","Lucida Sans",sans-serif));font-size:var(--typography-body_300_bold-fontSize, 1rem);line-height:var(--typography-body_300_bold-lineHeight, 1.5rem);font-weight:var(--typography-body_300_bold-fontWeight, 600);letter-spacing:var(--typography-body_300_bold-letterSpacing, 0px);font-style:var(--typography-body_300_bold-fontStyle, normal);}.css-yn3if.MuiPaginationItem-page.Mui-selected,.css-yn3if.MuiPaginationItem-page.Mui-selected.Mui-focusVisible{background-color:var(--colors-colorBackground-inverse-default, #303840);color:var(--colors-colorForeground-inverse, var(--colors-common-white, #FFFFFF));font-family:var(--typography-body_300_bold-fontFamily, var(--typography-body-fontFamily,"SourceSansPro","Lucida Sans",sans-serif));font-size:var(--typography-body_300_bold-fontSize, 1rem);line-height:var(--typography-body_300_bold-lineHeight, 1.5rem);font-weight:var(--typography-body_300_bold-fontWeight, 600);letter-spacing:var(--typography-body_300_bold-letterSpacing, 0px);font-style:var(--typography-body_300_bold-fontStyle, normal);}.css-yn3if.MuiPaginationItem-page.Mui-selected:focus,.css-yn3if.MuiPaginationItem-page.Mui-selected.Mui-focusVisible:focus{z-index:1;outline-color:transparent;box-shadow:0 0 0 2px var(--colors-colorBorder-inverse, var(--colors-common-white, #FFFFFF)),0 0 0 4px var(--colors-colorExtended-focusState-default, var(--colors-info-main, #2670EE));}.css-yn3if.MuiPaginationItem-page.Mui-selected .MuiTouchRipple-root,.css-yn3if.MuiPaginationItem-page.Mui-selected.Mui-focusVisible .MuiTouchRipple-root{display:none;}.css-yn3if.MuiPaginationItem-page:hover{background-color:var(--colors-colorBackground-secondary-default, #F2F5F8);color:var(--colors-colorForeground-primary, var(--colors-text-primary, #303840));font-family:var(--typography-body_300_bold-fontFamily, var(--typography-body-fontFamily,"SourceSansPro","Lucida Sans",sans-serif));font-size:var(--typography-body_300_bold-fontSize, 1rem);line-height:var(--typography-body_300_bold-lineHeight, 1.5rem);font-weight:var(--typography-body_300_bold-fontWeight, 600);letter-spacing:var(--typography-body_300_bold-letterSpacing, 0px);font-style:var(--typography-body_300_bold-fontStyle, normal);}.css-yn3if.MuiPaginationItem-page.Mui-selected:hover{background-color:var(--colors-colorBackground-inverse-default, #303840);color:var(--colors-colorForeground-inverse, var(--colors-common-white, #FFFFFF));font-family:var(--typography-body_300_bold-fontFamily, var(--typography-body-fontFamily,"SourceSansPro","Lucida Sans",sans-serif));font-size:var(--typography-body_300_bold-fontSize, 1rem);line-height:var(--typography-body_300_bold-lineHeight, 1.5rem);font-weight:var(--typography-body_300_bold-fontWeight, 600);letter-spacing:var(--typography-body_300_bold-letterSpacing, 0px);font-style:var(--typography-body_300_bold-fontStyle, normal);}.css-287lt{font-family:"SourceSansPro","Lucida Sans",sans-serif;font-weight:400;font-size:0.875rem;line-height:1.43;border-radius:16px;text-align:center;box-sizing:border-box;min-width:32px;padding:0 6px;margin:0 3px;color:#303840;height:auto;margin:0;}.css-287lt.Mui-disabled{opacity:0.38;}.css-287lt.MuiPaginationItem-page{font-family:var(--typography-body_300-fontFamily, var(--typography-body-fontFamily,"SourceSansPro","Lucida Sans",sans-serif));font-size:var(--typography-body_300-fontSize, 1rem);line-height:var(--typography-body_300-lineHeight, 1.5rem);font-weight:var(--typography-body_300-fontWeight, 400);letter-spacing:var(--typography-body_300-letterSpacing, 0px);font-style:var(--typography-body_300-fontStyle, normal);color:var(--colors-colorForeground-primary, var(--colors-text-primary, #303840));height:2.5rem;width:2.5rem;border:0;border-radius:var(--borderRadius-round, 9999px);display:-webkit-box;display:-webkit-flex;display:-ms-flexbox;display:flex;-webkit-align-items:center;-webkit-box-align:center;-ms-flex-align:center;align-items:center;-webkit-box-pack:center;-ms-flex-pack:center;-webkit-justify-content:center;justify-content:center;}.css-287lt.MuiPaginationItem-page:focus,.css-287lt.MuiPaginationItem-page.Mui-focusVisible:focus{z-index:1;outline-color:transparent;box-shadow:0 0 0 2px var(--colors-colorBorder-inverse, var(--colors-common-white, #FFFFFF)),0 0 0 4px var(--colors-colorExtended-focusState-default, var(--colors-info-main, #2670EE));}.css-287lt.MuiPaginationItem-page.Mui-focusVisible{background:none;font-family:var(--typography-body_300_bold-fontFamily, var(--typography-body-fontFamily,"SourceSansPro","Lucida Sans",sans-serif));font-size:var(--typography-body_300_bold-fontSize, 1rem);line-height:var(--typography-body_300_bold-lineHeight, 1.5rem);font-weight:var(--typography-body_300_bold-fontWeight, 600);letter-spacing:var(--typography-body_300_bold-letterSpacing, 0px);font-style:var(--typography-body_300_bold-fontStyle, normal);}.css-287lt.MuiPaginationItem-page.Mui-selected,.css-287lt.MuiPaginationItem-page.Mui-selected.Mui-focusVisible{background-color:var(--colors-colorBackground-inverse-default, #303840);color:var(--colors-colorForeground-inverse, var(--colors-common-white, #FFFFFF));font-family:var(--typography-body_300_bold-fontFamily, var(--typography-body-fontFamily,"SourceSansPro","Lucida Sans",sans-serif));font-size:var(--typography-body_300_bold-fontSize, 1rem);line-height:var(--typography-body_300_bold-lineHeight, 1.5rem);font-weight:var(--typography-body_300_bold-fontWeight, 600);letter-spacing:var(--typography-body_300_bold-letterSpacing, 0px);font-style:var(--typography-body_300_bold-fontStyle, normal);}.css-287lt.MuiPaginationItem-page.Mui-selected:focus,.css-287lt.MuiPaginationItem-page.Mui-selected.Mui-focusVisible:focus{z-index:1;outline-color:transparent;box-shadow:0 0 0 2px var(--colors-colorBorder-inverse, var(--colors-common-white, #FFFFFF)),0 0 0 4px var(--colors-colorExtended-focusState-default, var(--colors-info-main, #2670EE));}.css-287lt.MuiPaginationItem-page.Mui-selected .MuiTouchRipple-root,.css-287lt.MuiPaginationItem-page.Mui-selected.Mui-focusVisible .MuiTouchRipple-root{display:none;}.css-287lt.MuiPaginationItem-page:hover{background-color:var(--colors-colorBackground-secondary-default, #F2F5F8);color:var(--colors-colorForeground-primary, var(--colors-text-primary, #303840));font-family:var(--typography-body_300_bold-fontFamily, var(--typography-body-fontFamily,"SourceSansPro","Lucida Sans",sans-serif));font-size:var(--typography-body_300_bold-fontSize, 1rem);line-height:var(--typography-body_300_bold-lineHeight, 1.5rem);font-weight:var(--typography-body_300_bold-fontWeight, 600);letter-spacing:var(--typography-body_300_bold-letterSpacing, 0px);font-style:var(--typography-body_300_bold-fontStyle, normal);}.css-287lt.MuiPaginationItem-page.Mui-selected:hover{background-color:var(--colors-colorBackground-inverse-default, #303840);color:var(--colors-colorForeground-inverse, var(--colors-common-white, #FFFFFF));font-family:var(--typography-body_300_bold-fontFamily, var(--typography-body-fontFamily,"SourceSansPro","Lucida Sans",sans-serif));font-size:var(--typography-body_300_bold-fontSize, 1rem);line-height:var(--typography-body_300_bold-lineHeight, 1.5rem);font-weight:var(--typography-body_300_bold-fontWeight, 600);letter-spacing:var(--typography-body_300_bold-letterSpacing, 0px);font-style:var(--typography-body_300_bold-fontStyle, normal);}.css-djkg3f{padding:1.5rem 0;visibility:hidden;height:0;padding:0;overflow:hidden;position:absolute;left:-9999px;width:100%;}.css-djkg3f:focus-visible{outline-color:var(--colors-colorExtended-focusState-default, var(--colors-info-main, #2670EE));}.css-lqht9r{display:block;background-color:rgba(48, 56, 64, 0.11);height:1.2em;position:relative;overflow:hidden;-webkit-mask-image:-webkit-radial-gradient(white, black);background:var(--colors-colorBackground-secondary-default, #F2F5F8);margin:0px 0px 0px 0px;width:200px;height:20px;}.css-lqht9r::after{background:linear-gradient(
                90deg,
                transparent,
                rgba(0, 0, 0, 0.04),
                transparent
              );content:"";position:absolute;-webkit-transform:translateX(-100%);-moz-transform:translateX(-100%);-ms-transform:translateX(-100%);transform:translateX(-100%);bottom:0;left:0;right:0;top:0;}.css-lqht9r::after{-webkit-animation:animation-wiooy9 2s linear 0.5s infinite;animation:animation-wiooy9 2s linear 0.5s infinite;}.css-lqht9r.MuiSkeleton-wave::after{background:linear-gradient(
        90deg,
        transparent,
        var(--colors-colorBackground-secondary-default, #F2F5F8),
        transparent
      );-webkit-filter:brightness(0.975);filter:brightness(0.975);}.css-1u97vvw{display:-webkit-box;display:-webkit-flex;display:-ms-flexbox;display:flex;margin:24px -12px 0;}.css-w507g4{width:100%;margin:0 12px;}.css-3x9xet{position:relative;outline:none;border:0px;font-family:var(--typography-body_300-fontFamily, var(--typography-body-fontFamily,"SourceSansPro","Lucida Sans",sans-serif));font-size:var(--typography-body_300-fontSize, 1rem);line-height:var(--typography-body_300-lineHeight, 1.5rem);font-weight:var(--typography-body_300-fontWeight, 400);letter-spacing:var(--typography-body_300-letterSpacing, 0px);font-style:var(--typography-body_300-fontStyle, normal);color:var(--colors-colorForeground-primary, var(--colors-text-primary, #303840));-webkit-text-decoration:underline;text-decoration:underline;}.css-3x9xet svg{vertical-align:middle;width:16px;height:16px;}.css-3x9xet:focus-visible{outline-offset:0.125rem;outline:0.125rem solid var(--colors-colorExtended-focusState-default, var(--colors-info-main, #2670EE));box-shadow:0px 0px 0px 0.375rem rgb(255 255 255 / 90%);border-radius:var(--borderRadius-sm, 4px);}.css-3x9xet:hover{color:var(--colors-colorForeground-brand, var(--colors-primary-main, #E01A22));-webkit-text-decoration:none;text-decoration:none;}.css-3x9xet:active{color:var(--colors-colorForeground-primary, var(--colors-text-primary, #303840));-webkit-text-decoration:none;text-decoration:none;}.css-vps133{position:relative;border:0.0625rem solid transparent;margin:0;cursor:pointer;outline:none;text-align:left;-webkit-text-decoration:none;text-decoration:none;display:-webkit-inline-box;display:-webkit-inline-flex;display:-ms-inline-flexbox;display:inline-flex;-webkit-align-items:center;-webkit-box-align:center;-ms-flex-align:center;align-items:center;vertical-align:top;border-radius:var(--borderRadius-round, 9999px);border-color:transparent;-webkit-text-decoration:none;text-decoration:none;background:transparent;color:var(--colors-colorForeground-primary, var(--colors-text-primary, #303840));padding:0.75rem 1.5rem;font-family:var(--typography-body_400_bold-fontFamily, var(--typography-body-fontFamily,"SourceSansPro","Lucida Sans",sans-serif));font-size:var(--typography-body_400_bold-fontSize, 1.125rem);line-height:var(--typography-body_400_bold-lineHeight, 1.5rem);font-weight:var(--typography-body_400_bold-fontWeight, 600);letter-spacing:var(--typography-body_400_bold-letterSpacing, 0px);font-style:var(--typography-body_400_bold-fontStyle, normal);padding:12px;}.css-vps133:focus{z-index:1;outline-color:transparent;box-shadow:0 0 0 2px var(--colors-colorBorder-inverse, var(--colors-common-white, #FFFFFF)),0 0 0 4px var(--colors-colorExtended-focusState-default, var(--colors-info-main, #2670EE));}.css-vps133:focus:not(:focus-visible){box-shadow:none;}.css-vps133:focus-visible{z-index:1;outline-color:transparent;box-shadow:0 0 0 2px var(--colors-colorBorder-inverse, var(--colors-common-white, #FFFFFF)),0 0 0 4px var(--colors-colorExtended-focusState-default, var(--colors-info-main, #2670EE));}.css-vps133 svg{color:var(--colors-colorForeground-primary, var(--colors-text-primary, #303840));}.css-vps133 .external-svg{background-color:var(--colors-colorForeground-primary, var(--colors-text-primary, #303840));}.css-vps133:hover{background:var(--colors-colorBackground-primary-hover, #F2F5F8);}.css-vps133:active{background:var(--colors-colorBackground-primary-active, #DCE0E5);}.css-vps133:disabled,.css-vps133:hover:disabled,.css-vps133:focus:disabled,.css-vps133.disabled,.css-vps133.disabled:hover,.css-vps133.disabled:focus{background:var(--colors-colorBackground-primary-default, var(--colors-background-default, #FFFFFF));opacity:0.25;}@media (hover:none){.css-vps133:hover{border-color:transparent;background:transparent;}.css-vps133:active{background:var(--colors-colorBackground-primary-active, #DCE0E5);border-color:transparent;}}.css-vps133 img,.css-vps133 svg,.css-vps133 .external-svg{width:24px;height:24px;}.css-vps133 .indicator{padding:0.25rem;min-width:0.75rem;height:0.75rem;position:absolute;top:-0.0625rem;left:0.9375rem;}.css-vps133:disabled,.css-vps133.disabled{cursor:not-allowed;}.css-xsesst{position:relative;outline:none;border:0px;font-family:var(--typography-body_200-fontFamily, var(--typography-body-fontFamily,"SourceSansPro","Lucida Sans",sans-serif));font-size:var(--typography-body_200-fontSize, 0.875rem);line-height:var(--typography-body_200-lineHeight, 1.25rem);font-weight:var(--typography-body_200-fontWeight, 400);letter-spacing:var(--typography-body_200-letterSpacing, 0.16px);font-style:var(--typography-body_200-fontStyle, normal);color:var(--colors-colorForeground-primary, var(--colors-text-primary, #303840));-webkit-text-decoration:underline;text-decoration:underline;}.css-xsesst svg{vertical-align:middle;width:16px;height:16px;}.css-xsesst:focus-visible{outline-offset:0.125rem;outline:0.125rem solid var(--colors-colorExtended-focusState-default, var(--colors-info-main, #2670EE));box-shadow:0px 0px 0px 0.375rem rgb(255 255 255 / 90%);border-radius:var(--borderRadius-sm, 4px);}.css-xsesst:hover{color:var(--colors-colorForeground-brand, var(--colors-primary-main, #E01A22));-webkit-text-decoration:none;text-decoration:none;}.css-xsesst:active{color:var(--colors-colorForeground-primary, var(--colors-text-primary, #303840));-webkit-text-decoration:none;text-decoration:none;}</style><link rel="preload" href="/_next/static/css/e49c99aeee901034.css" as="style"/><link rel="stylesheet" href="/_next/static/css/e49c99aeee901034.css" data-n-g=""/><noscript data-n-css=""></noscript><script defer="" nomodule="" src="/_next/static/chunks/polyfills-42372ed130431b0a.js"></script><script src="//assets.adobedtm.com/be8983348498/7775e8833f85/launch-3482e2af0e30.min.js" data-testid="analytics-script" defer="" data-nscript="beforeInteractive"></script><script src="/_next/static/chunks/webpack-b143e92d53c75af7.js" defer=""></script><script src="/_next/static/chunks/framework-e4061e03f45bf932.js" defer=""></script><script src="/_next/static/chunks/main-757d34fe148b222a.js" defer=""></script><script src="/_next/static/chunks/pages/_app-0fdd881e00ee8f28.js" defer=""></script><script src="/_next/static/chunks/1103-65904687044d0aaf.js" defer=""></script><script src="/_next/static/chunks/255-abf3c5aefd43d894.js" defer=""></script><script src="/_next/static/chunks/7506-5c7a4e20153b4596.js" defer=""></script><script src="/_next/static/chunks/pages/search/products-692c4aceedf3e89a.js" defer=""></script><script src="/_next/static/20260121.4-0a09fd6f9303df34732fe202aa5352d377c4f7bc/_buildManifest.js" defer=""></script><script src="/_next/static/20260121.4-0a09fd6f9303df34732fe202aa5352d377c4f7bc/_ssgManifest.js" defer=""></script><style data-styled="" data-styled-version="5.3.6">.ivFUFh{border:0 !important;display:-webkit-box;display:-webkit-flex;display:-ms-flexbox;display:flex;}/*!sc*/
data-styled.g3[id="sc-51f151be-0"]{content:"ivFUFh,"}/*!sc*/
.hCZkYw button{height:42px;}/*!sc*/
data-styled.g25[id="sc-dad300a8-0"]{content:"hCZkYw,"}/*!sc*/
.czifab{grid-area:trolley;}/*!sc*/
data-styled.g51[id="sc-3c98fdbc-0"]{content:"czifab,"}/*!sc*/
.bKFkvY{position:-webkit-sticky;position:sticky;top:0px;z-index:9;pointer-events:none;}/*!sc*/
.bKFkvY > *{pointer-events:all;}/*!sc*/
@media only screen and (min-width:0) and (max-width:612px) and (max-height:400px){.bKFkvY{position:relative;}}/*!sc*/
data-styled.g52[id="sc-cbd3da62-0"]{content:"bKFkvY,"}/*!sc*/
.dbbkCW .price__calculation_method{margin-top:0.25rem;font-family:var(--typography-body_100-fontFamily,var(--typography-body-fontFamily,"SourceSansPro","Lucida Sans",sans-serif));font-size:var(--typography-body_100-fontSize,0.75rem);line-height:var(--typography-body_100-lineHeight,1rem);font-weight:var(--typography-body_100-fontWeight,400);-webkit-letter-spacing:var(--typography-body_100-letterSpacing,0.32px);-moz-letter-spacing:var(--typography-body_100-letterSpacing,0.32px);-ms-letter-spacing:var(--typography-body_100-letterSpacing,0.32px);letter-spacing:var(--typography-body_100-letterSpacing,0.32px);font-style:var(--typography-body_100-fontStyle,normal);color:var(--colors-colorForeground-primary,var(--colors-text-primary,#303840));}/*!sc*/
data-styled.g150[id="sc-79c0c972-0"]{content:"dbbkCW,"}/*!sc*/
.gzRYHL{display:-webkit-box;display:-webkit-flex;display:-ms-flexbox;display:flex;-webkit-flex-direction:column;-ms-flex-direction:column;flex-direction:column;margin-bottom:0.25rem;}/*!sc*/
.gzRYHL > .price{display:-webkit-box;display:-webkit-flex;display:-ms-flexbox;display:flex;-webkit-flex-wrap:wrap;-ms-flex-wrap:wrap;flex-wrap:wrap;-webkit-align-items:center;-webkit-box-align:center;-ms-flex-align:center;align-items:center;margin-bottom:0;}/*!sc*/
.gzRYHL > .price > .price__value{font-family:var(--typography-heading_400-fontFamily,var(--typography-heading-fontFamily,"AvantGardeGothic",Arial,sans-serif));font-size:var(--typography-heading_400-fontSize,1.125rem);line-height:var(--typography-heading_400-lineHeight,1.5rem);font-weight:var(--typography-heading_400-fontWeight,700);-webkit-letter-spacing:var(--typography-heading_400-letterSpacing,0px);-moz-letter-spacing:var(--typography-heading_400-letterSpacing,0px);-ms-letter-spacing:var(--typography-heading_400-letterSpacing,0px);letter-spacing:var(--typography-heading_400-letterSpacing,0px);font-style:var(--typography-heading_400-fontStyle,normal);margin-right:8px;}/*!sc*/
.gzRYHL .price__calculation_additional_info{line-height:16px;color:var(--colors-colorForeground-secondary,#636C74);}/*!sc*/
.gzRYHL .price__calculation_method{margin-top:2px;color:var(--colors-colorForeground-secondary,#636C74);}/*!sc*/
.gzRYHL .price__calculation_method__description{font-family:var(--typography-body_100-fontFamily,var(--typography-body-fontFamily,"SourceSansPro","Lucida Sans",sans-serif));font-size:var(--typography-body_100-fontSize,0.75rem);line-height:var(--typography-body_100-lineHeight,1rem);font-weight:var(--typography-body_100-fontWeight,400);-webkit-letter-spacing:var(--typography-body_100-letterSpacing,0.32px);-moz-letter-spacing:var(--typography-body_100-letterSpacing,0.32px);-ms-letter-spacing:var(--typography-body_100-letterSpacing,0.32px);letter-spacing:var(--typography-body_100-letterSpacing,0.32px);font-style:var(--typography-body_100-fontStyle,normal);color:var(--colors-colorForeground-secondary,#636C74);}/*!sc*/
.gzRYHL .price__promotional-badge{font-family:var(--typography-body_100_bold-fontFamily,var(--typography-body-fontFamily,"SourceSansPro","Lucida Sans",sans-serif));font-size:var(--typography-body_100_bold-fontSize,0.75rem);line-height:var(--typography-body_100_bold-lineHeight,1rem);font-weight:var(--typography-body_100_bold-fontWeight,600);-webkit-letter-spacing:var(--typography-body_100_bold-letterSpacing,0.32px);-moz-letter-spacing:var(--typography-body_100_bold-letterSpacing,0.32px);-ms-letter-spacing:var(--typography-body_100_bold-letterSpacing,0.32px);letter-spacing:var(--typography-body_100_bold-letterSpacing,0.32px);font-style:var(--typography-body_100_bold-fontStyle,normal);color:var(--colors-colorForeground-primary,var(--colors-text-primary,#303840));}/*!sc*/
.gzRYHL > .price__dropped_locked{font-family:var(--typography-body_200_bold-fontFamily,var(--typography-body-fontFamily,"SourceSansPro","Lucida Sans",sans-serif));font-size:var(--typography-body_200_bold-fontSize,0.875rem);line-height:var(--typography-body_200_bold-lineHeight,1.25rem);font-weight:var(--typography-body_200_bold-fontWeight,600);-webkit-letter-spacing:var(--typography-body_200_bold-letterSpacing,0.16px);-moz-letter-spacing:var(--typography-body_200_bold-letterSpacing,0.16px);-ms-letter-spacing:var(--typography-body_200_bold-letterSpacing,0.16px);letter-spacing:var(--typography-body_200_bold-letterSpacing,0.16px);font-style:var(--typography-body_200_bold-fontStyle,normal);color:var(--colors-colorForeground-primary,var(--colors-text-primary,#303840));}/*!sc*/
data-styled.g151[id="sc-8ee31a8b-0"]{content:"gzRYHL,"}/*!sc*/
.hMuHoF{font-family:var(--typography-body_100_bold-fontFamily,var(--typography-body-fontFamily,"SourceSansPro","Lucida Sans",sans-serif));font-size:var(--typography-body_100_bold-fontSize,0.75rem);line-height:var(--typography-body_100_bold-lineHeight,1rem);font-weight:var(--typography-body_100_bold-fontWeight,600);-webkit-letter-spacing:var(--typography-body_100_bold-letterSpacing,0.32px);-moz-letter-spacing:var(--typography-body_100_bold-letterSpacing,0.32px);-ms-letter-spacing:var(--typography-body_100_bold-letterSpacing,0.32px);letter-spacing:var(--typography-body_100_bold-letterSpacing,0.32px);font-style:var(--typography-body_100_bold-fontStyle,normal);display:-webkit-box;display:-webkit-flex;display:-ms-flexbox;display:flex;}/*!sc*/
@media (max-width:1023px){.hMuHoF{-webkit-flex-direction:column;-ms-flex-direction:column;flex-direction:column;-webkit-align-items:flex-end;-webkit-box-align:flex-end;-ms-flex-align:flex-end;align-items:flex-end;}}/*!sc*/
.hMuHoF > .promotion__pill{font-family:var(--typography-body_100_bold-fontFamily,var(--typography-body-fontFamily,"SourceSansPro","Lucida Sans",sans-serif));font-size:var(--typography-body_100_bold-fontSize,0.75rem);line-height:var(--typography-body_100_bold-lineHeight,1rem);font-weight:var(--typography-body_100_bold-fontWeight,600);-webkit-letter-spacing:var(--typography-body_100_bold-letterSpacing,0.32px);-moz-letter-spacing:var(--typography-body_100_bold-letterSpacing,0.32px);-ms-letter-spacing:var(--typography-body_100_bold-letterSpacing,0.32px);letter-spacing:var(--typography-body_100_bold-letterSpacing,0.32px);font-style:var(--typography-body_100_bold-fontStyle,normal);margin-left:0.25rem;font-size:0.75rem;line-height:1rem;padding-left:0.5rem;padding-right:0.5rem;}/*!sc*/
@media (max-width:1023px){.hMuHoF > .promotion__pill{margin-top:0.25rem;margin-left:0;}}/*!sc*/
data-styled.g152[id="sc-8ee31a8b-1"]{content:"hMuHoF,"}/*!sc*/
.eXcFun{font-family:var(--typography-body_200_bold-fontFamily,var(--typography-body-fontFamily,"SourceSansPro","Lucida Sans",sans-serif));font-size:var(--typography-body_200_bold-fontSize,0.875rem);line-height:var(--typography-body_200_bold-lineHeight,1.25rem);font-weight:var(--typography-body_200_bold-fontWeight,600);-webkit-letter-spacing:var(--typography-body_200_bold-letterSpacing,0.16px);-moz-letter-spacing:var(--typography-body_200_bold-letterSpacing,0.16px);-ms-letter-spacing:var(--typography-body_200_bold-letterSpacing,0.16px);letter-spacing:var(--typography-body_200_bold-letterSpacing,0.16px);font-style:var(--typography-body_200_bold-fontStyle,normal);color:var(--colors-colorForeground-primary,var(--colors-text-primary,#303840));display:-webkit-box;display:-webkit-flex;display:-ms-flexbox;display:flex;-webkit-box-pack:center;-webkit-justify-content:center;-ms-flex-pack:center;justify-content:center;-webkit-align-items:center;-webkit-box-align:center;-ms-flex-align:center;align-items:center;border-top-left-radius:var(--borderRadius-md,8px);border-top-right-radius:var(--borderRadius-md,8px);min-height:1.5rem;margin-top:-0.5625rem;margin-left:-0.8125rem;margin-right:-0.8125rem;}/*!sc*/
@media (min-width:0) and (max-width:479px){.eXcFun{border-top-left-radius:0;border-top-right-radius:0;}}/*!sc*/
@media (min-width:0) and (max-width:479px){.eXcFun{margin-left:-0.5rem;margin-right:-0.5rem;}}/*!sc*/
@media (min-width:480px) and (max-width:767px){.eXcFun{margin-left:-0.5rem;margin-right:-0.5rem;}}/*!sc*/
@media (min-width:768px) and (max-width:1199px){.eXcFun{margin-left:-0.5rem;margin-right:-0.5rem;}}/*!sc*/
@media (min-width:1200px) and (min-width:0){.eXcFun{margin-left:-0.5rem;margin-right:-0.5rem;}}/*!sc*/
data-styled.g307[id="sc-584f2ed2-0"]{content:"eXcFun,"}/*!sc*/
.cLaEuC{max-width:1440px;margin:0 auto;padding:0 1.5rem;}/*!sc*/
@media (min-width:1024px){.cLaEuC{padding:0 2rem;}}/*!sc*/
@media (min-width:1200px){.cLaEuC{padding:0 3rem;}}/*!sc*/
.cLaEuC::before{content:'';width:100%;position:absolute;left:0;border-top:1px solid var(--colors-colorBorder-tertiary,#DCE0E5);}/*!sc*/
.cLaEuC h1{font-family:var(--typography-heading_500-fontFamily,var(--typography-heading-fontFamily,"AvantGardeGothic",Arial,sans-serif));font-size:var(--typography-heading_500-fontSize,1.25rem);line-height:var(--typography-heading_500-lineHeight,1.75rem);font-weight:var(--typography-heading_500-fontWeight,700);-webkit-letter-spacing:var(--typography-heading_500-letterSpacing,0px);-moz-letter-spacing:var(--typography-heading_500-letterSpacing,0px);-ms-letter-spacing:var(--typography-heading_500-letterSpacing,0px);letter-spacing:var(--typography-heading_500-letterSpacing,0px);font-style:var(--typography-heading_500-fontStyle,normal);padding-top:32px;}/*!sc*/
@media (min-width:1200px){.cLaEuC h1{padding-top:48px;}}/*!sc*/
.cLaEuC h2,.cLaEuC h3{font-family:var(--typography-heading_300-fontFamily,var(--typography-heading-fontFamily,"AvantGardeGothic",Arial,sans-serif));font-size:var(--typography-heading_300-fontSize,1rem);line-height:var(--typography-heading_300-lineHeight,1.5rem);font-weight:var(--typography-heading_300-fontWeight,700);-webkit-letter-spacing:var(--typography-heading_300-letterSpacing,0px);-moz-letter-spacing:var(--typography-heading_300-letterSpacing,0px);-ms-letter-spacing:var(--typography-heading_300-letterSpacing,0px);letter-spacing:var(--typography-heading_300-letterSpacing,0px);font-style:var(--typography-heading_300-fontStyle,normal);padding-bottom:16px;}/*!sc*/
data-styled.g416[id="sc-1e084ce6-0"]{content:"cLaEuC,"}/*!sc*/
@media (min-width:1200px){.fbDLqT{display:grid;grid-template-columns:3fr 1fr;}}/*!sc*/
data-styled.g417[id="sc-1e084ce6-1"]{content:"fbDLqT,"}/*!sc*/
.jxtVxV{padding:32px 0;}/*!sc*/
.jxtVxV ul.coles-links,.jxtVxV ul.footer-menu-list{display:-webkit-box;display:-webkit-flex;display:-ms-flexbox;display:flex;-webkit-flex-direction:column;-ms-flex-direction:column;flex-direction:column;gap:12px;}/*!sc*/
.jxtVxV li{font-family:var(--typography-body_300-fontFamily,var(--typography-body-fontFamily,"SourceSansPro","Lucida Sans",sans-serif));font-size:var(--typography-body_300-fontSize,1rem);line-height:var(--typography-body_300-lineHeight,1.5rem);font-weight:var(--typography-body_300-fontWeight,400);-webkit-letter-spacing:var(--typography-body_300-letterSpacing,0px);-moz-letter-spacing:var(--typography-body_300-letterSpacing,0px);-ms-letter-spacing:var(--typography-body_300-letterSpacing,0px);letter-spacing:var(--typography-body_300-letterSpacing,0px);font-style:var(--typography-body_300-fontStyle,normal);}/*!sc*/
data-styled.g418[id="sc-1e084ce6-2"]{content:"jxtVxV,"}/*!sc*/
.cIZrOK{display:grid;grid-template-columns:repeat(3,1fr);}/*!sc*/
data-styled.g420[id="sc-1e084ce6-4"]{content:"cIZrOK,"}/*!sc*/
@media (min-width:1200px){.brQryp{padding-top:32px;}}/*!sc*/
.brQryp .social-links{display:-webkit-box;display:-webkit-flex;display:-ms-flexbox;display:flex;-webkit-flex-wrap:wrap;-ms-flex-wrap:wrap;flex-wrap:wrap;gap:8px;margin-bottom:32px;}/*!sc*/
.brQryp .social-links a{border:1px solid var(--colors-colorBorder-primary,#303840);border-radius:var(--borderRadius-round,9999px);}/*!sc*/
.brQryp .social-links a svg{margin:7px;}/*!sc*/
data-styled.g421[id="sc-1e084ce6-5"]{content:"brQryp,"}/*!sc*/
.cgMwZm{display:-webkit-box;display:-webkit-flex;display:-ms-flexbox;display:flex;-webkit-flex-wrap:wrap;-ms-flex-wrap:wrap;flex-wrap:wrap;gap:12px;}/*!sc*/
.cgMwZm a{position:relative;outline:none;display:-webkit-box;display:-webkit-flex;display:-ms-flexbox;display:flex;width:-webkit-fit-content;width:-moz-fit-content;width:fit-content;}/*!sc*/
.cgMwZm a:before,.cgMwZm a:after{content:'';position:absolute;border:1px solid;border-color:transparent;border-radius:var(--borderRadius-sm,4px);}/*!sc*/
.cgMwZm a:before{width:100%;height:100%;border-color:var(--colors-colorBorder-tertiary,#DCE0E5);}/*!sc*/
.cgMwZm a:after{width:calc(100% + 4px);height:calc(100% + 4px);left:-2px;top:-2px;}/*!sc*/
.cgMwZm a:hover:after{border-color:var(--colors-colorBorder-primary,#303840);}/*!sc*/
.cgMwZm a:focus-visible{z-index:1;outline-color:transparent;box-shadow:0 0 0 2px var(--colors-colorBorder-inverse,var(--colors-common-white,#FFFFFF)), 0 0 0 4px var(--colors-colorExtended-focusState-default,var(--colors-info-main,#2670EE));border-radius:var(--borderRadius-sm,4px);}/*!sc*/
.cgMwZm a:before{width:calc(100% + -2px);left:1px;}/*!sc*/
.cgMwZm a:after{width:calc(100% + 2px);left:-1px;}/*!sc*/
@media (min-width:1200px){.cgMwZm{-webkit-flex-direction:column;-ms-flex-direction:column;flex-direction:column;}}/*!sc*/
.cgMwZm .app-store,.cgMwZm .google-play{height:41px;}/*!sc*/
.cgMwZm .app-store{width:119px;}/*!sc*/
.cgMwZm .google-play{width:136px;}/*!sc*/
data-styled.g422[id="sc-1e084ce6-6"]{content:"cgMwZm,"}/*!sc*/
.bRDEMZ{padding:16px 0 24px;}/*!sc*/
data-styled.g423[id="sc-1e084ce6-7"]{content:"bRDEMZ,"}/*!sc*/
.eaErgc{display:grid;grid-template-columns:repeat(3,1fr);gap:16px;}/*!sc*/
@media (min-width:768px) and (max-width:1023px){.eaErgc{grid-template-columns:repeat(5,1fr);}}/*!sc*/
@media (min-width:1024px){.eaErgc{grid-template-columns:repeat(8,1fr);}}/*!sc*/
data-styled.g424[id="sc-1e084ce6-8"]{content:"eaErgc,"}/*!sc*/
.fUZoGT{position:relative;outline:none;display:-webkit-box;display:-webkit-flex;display:-ms-flexbox;display:flex;}/*!sc*/
.fUZoGT:before,.fUZoGT:after{content:'';position:absolute;border:1px solid;border-color:transparent;border-radius:var(--borderRadius-sm,4px);}/*!sc*/
.fUZoGT:before{width:100%;height:100%;border-color:var(--colors-colorBorder-tertiary,#DCE0E5);}/*!sc*/
.fUZoGT:after{width:calc(100% + 4px);height:calc(100% + 4px);left:-2px;top:-2px;}/*!sc*/
.fUZoGT:hover:after{border-color:var(--colors-colorBorder-primary,#303840);}/*!sc*/
.fUZoGT:focus-visible{z-index:1;outline-color:transparent;box-shadow:0 0 0 2px var(--colors-colorBorder-inverse,var(--colors-common-white,#FFFFFF)), 0 0 0 4px var(--colors-colorExtended-focusState-default,var(--colors-info-main,#2670EE));border-radius:var(--borderRadius-sm,4px);}/*!sc*/
.fUZoGT img{border-radius:var(--borderRadius-sm,4px);width:100%;height:auto;}/*!sc*/
data-styled.g425[id="sc-1e084ce6-9"]{content:"fUZoGT,"}/*!sc*/
.fgUI,.fgUI a{background-color:var(--colors-colorBackground-secondary-default,#F2F5F8);}/*!sc*/
data-styled.g426[id="sc-1e084ce6-10"]{content:"fgUI,"}/*!sc*/
.heIHkK{display:-webkit-inline-box;display:-webkit-inline-flex;display:-ms-inline-flexbox;display:inline-flex;-webkit-flex-wrap:wrap;-ms-flex-wrap:wrap;flex-wrap:wrap;gap:8px 16px;padding:24px 0 12px;}/*!sc*/
@media (min-width:1200px){.heIHkK{padding:0 0 12px;}}/*!sc*/
data-styled.g430[id="sc-236a0669-0"]{content:"heIHkK,"}/*!sc*/
.gByfR{max-width:1440px;margin:0 auto;padding:0 1.5rem;}/*!sc*/
@media (min-width:1024px){.gByfR{padding:0 2rem;}}/*!sc*/
@media (min-width:1200px){.gByfR{padding:0 3rem;}}/*!sc*/
.gByfR img{margin-top:5px;}/*!sc*/
.gByfR > div{font-family:var(--typography-body_200-fontFamily,var(--typography-body-fontFamily,"SourceSansPro","Lucida Sans",sans-serif));font-size:var(--typography-body_200-fontSize,0.875rem);line-height:var(--typography-body_200-lineHeight,1.25rem);font-weight:var(--typography-body_200-fontWeight,400);-webkit-letter-spacing:var(--typography-body_200-letterSpacing,0.16px);-moz-letter-spacing:var(--typography-body_200-letterSpacing,0.16px);-ms-letter-spacing:var(--typography-body_200-letterSpacing,0.16px);letter-spacing:var(--typography-body_200-letterSpacing,0.16px);font-style:var(--typography-body_200-fontStyle,normal);padding:24px 0;}/*!sc*/
@media (min-width:1200px){.gByfR > div{display:grid;grid-template-columns:3fr 1fr;gap:64px;}}/*!sc*/
data-styled.g431[id="sc-236a0669-1"]{content:"gByfR,"}/*!sc*/
.dqRiMb{display:-webkit-box;display:-webkit-flex;display:-ms-flexbox;display:flex;-webkit-flex-direction:column;-ms-flex-direction:column;flex-direction:column;}/*!sc*/
data-styled.g432[id="sc-236a0669-2"]{content:"dqRiMb,"}/*!sc*/
.cPLDvG{display:grid;gap:12px;}/*!sc*/
.cPLDvG img{height:auto;}/*!sc*/
@media (min-width:768px){.cPLDvG{grid-template-columns:1fr auto;gap:24px;}}/*!sc*/
data-styled.g433[id="sc-236a0669-3"]{content:"cPLDvG,"}/*!sc*/
.fStpof{width:280px;display:-webkit-box;display:-webkit-flex;display:-ms-flexbox;display:flex;-webkit-box-pack:end;-webkit-justify-content:flex-end;-ms-flex-pack:end;justify-content:flex-end;position:relative;}/*!sc*/
@media (max-width:1023px){.fStpof{display:none;}}/*!sc*/
.fStpof .MuiFormControl-root{border-radius:var(--borderRadius-round,9999px);padding:0 8px;}/*!sc*/
.fStpof .MuiFormControl-root:hover{background-color:var(--colors-colorBackground-primary-hover,#F2F5F8);}/*!sc*/
.fStpof .MuiFormControl-root:focus-within{box-shadow:0 0 0 2px var(--colors-colorExtended-focusState-default,var(--colors-info-main,#2670EE));}/*!sc*/
.fStpof .MuiSelect-select{font-family:var(--typography-body_200_bold-fontFamily,var(--typography-body-fontFamily,"SourceSansPro","Lucida Sans",sans-serif));font-size:var(--typography-body_200_bold-fontSize,0.875rem);line-height:var(--typography-body_200_bold-lineHeight,1.25rem);font-weight:var(--typography-body_200_bold-fontWeight,600);-webkit-letter-spacing:var(--typography-body_200_bold-letterSpacing,0.16px);-moz-letter-spacing:var(--typography-body_200_bold-letterSpacing,0.16px);-ms-letter-spacing:var(--typography-body_200_bold-letterSpacing,0.16px);letter-spacing:var(--typography-body_200_bold-letterSpacing,0.16px);font-style:var(--typography-body_200_bold-fontStyle,normal);color:var(--colors-colorForeground-primary,var(--colors-text-primary,#303840));padding:6px 22px 6px 0;white-space:normal;}/*!sc*/
.fStpof .MuiSelect-select:after{display:none;}/*!sc*/
.fStpof .MuiSelect-select > svg{display:none;}/*!sc*/
.fStpof .MuiSelect-select:focus{background-color:transparent;}/*!sc*/
.fStpof .MuiSelect-select .badge{margin-left:0.5rem;margin-right:0.25rem;}/*!sc*/
.fStpof .MuiInput-underline:before,.fStpof .MuiInput-underline:after{display:none;}/*!sc*/
.fStpof .MuiSelect-icon{color:var(--colors-colorForeground-primary,var(--colors-text-primary,#303840));width:20px;top:calc(50% - 0.75rem);}/*!sc*/
.fStpof .MuiSelect-iconOpen{-webkit-transform:none;-ms-transform:none;transform:none;}/*!sc*/
data-styled.g697[id="sc-79d9acfa-0"]{content:"fStpof,"}/*!sc*/
.eXmyIm{grid-area:user;font-family:var(--typography-body_100-fontFamily,var(--typography-body-fontFamily,"SourceSansPro","Lucida Sans",sans-serif));font-size:var(--typography-body_100-fontSize,0.75rem);line-height:var(--typography-body_100-lineHeight,1rem);font-weight:var(--typography-body_100-fontWeight,400);-webkit-letter-spacing:var(--typography-body_100-letterSpacing,0.32px);-moz-letter-spacing:var(--typography-body_100-letterSpacing,0.32px);-ms-letter-spacing:var(--typography-body_100-letterSpacing,0.32px);letter-spacing:var(--typography-body_100-letterSpacing,0.32px);font-style:var(--typography-body_100-fontStyle,normal);height:56px;min-width:56px;background:var(--colors-colorBackground-primary-default,var(--colors-background-default,#FFFFFF));border:none;border-radius:var(--borderRadius-sm,4px);padding:24px 2px 0;text-align:center;color:var(--colors-colorForeground-primary,var(--colors-text-primary,#303840));white-space:nowrap;overflow:hidden;text-overflow:ellipsis;position:relative;}/*!sc*/
.eXmyIm:focus,.eXmyIm:focus-visible{outline:none;box-shadow:0 0 0 2px var(--colors-colorExtended-focusState-default,var(--colors-info-main,#2670EE)) inset;}/*!sc*/
.eXmyIm:focus:not(:focus-visible){outline:none;box-shadow:none;}/*!sc*/
.eXmyIm:hover{background:var(--colors-colorBackground-secondary-default,#F2F5F8);-webkit-text-decoration:underline;text-decoration:underline;cursor:pointer;}/*!sc*/
.eXmyIm:active{background:var(--colors-colorBackground-primary-active,#DCE0E5);}/*!sc*/
.eXmyIm::before{content:'';position:absolute;top:8px;left:50%;-webkit-transform:translate(-50%,0);-ms-transform:translate(-50%,0);transform:translate(-50%,0);width:24px;height:24px;background-image:url('data:image/svg+xml;charset=utf8,%3Csvg%20data-rocket-comp%3D%22IconUserOutline%22%20focusable%3D%22false%22%20xmlns%3D%22http%3A%2F%2Fwww.w3.org%2F2000%2Fsvg%22%20width%3D%2224%22%20height%3D%2224%22%20viewBox%3D%220%200%2024%2024%22%20color%3D%22currentColor%22%3E%3Cg%20fill%3D%22none%22%20fill-rule%3D%22evenodd%22%3E%3Cpath%20stroke%3D%22currentColor%22%20stroke-linecap%3D%22round%22%20stroke-linejoin%3D%22round%22%20stroke-width%3D%222%22%20vector-effect%3D%22non-scaling-stroke%22%20d%3D%22M20%2C21%20C20%2C17%2018%2C15%2012%2C15%20C6%2C15%204%2C17%204%2C21%20M12%2C11%20C14.209139%2C11%2016%2C9.209139%2016%2C7%20C16%2C4.790861%2014.209139%2C3%2012%2C3%20C9.790861%2C3%208%2C4.790861%208%2C7%20C8%2C9.209139%209.790861%2C11%2012%2C11%20Z%22%3E%3C%2Fpath%3E%3C%2Fg%3E%3C%2Fsvg%3E ');}/*!sc*/
.eXmyIm .indicator{position:absolute;top:10%;right:calc(50% - 1.25rem);}/*!sc*/
data-styled.g712[id="sc-bd9707a5-2"]{content:"eXmyIm,"}/*!sc*/
.bLuOCf{display:none;}/*!sc*/
.bLuOCf ul{display:-webkit-box;display:-webkit-flex;display:-ms-flexbox;display:flex;-webkit-flex-wrap:wrap;-ms-flex-wrap:wrap;flex-wrap:wrap;}/*!sc*/
.bLuOCf ul li{margin:0 0.5rem 0.5rem 0;}/*!sc*/
.bLuOCf ul li > button{height:2rem;}/*!sc*/
.bLuOCf ul li > button{display:-webkit-box;display:-webkit-flex;display:-ms-flexbox;display:flex;-webkit-box-pack:center;-webkit-justify-content:center;-ms-flex-pack:center;justify-content:center;width:100%;position:relative;white-space:nowrap;}/*!sc*/
@media (max-width:479px){.bLuOCf ul li > button{padding-right:2rem;}}/*!sc*/
.bLuOCf ul li > button svg{width:1.5rem;height:1.5rem;}/*!sc*/
.bLuOCf ul li > button .icon-end svg{width:1rem;height:1rem;}/*!sc*/
.bLuOCf ul li > button svg:first-of-type{margin-right:5px;}/*!sc*/
.bLuOCf ul li > button:hover{-webkit-text-decoration:none;text-decoration:none;}/*!sc*/
.bLuOCf ul li.selected button{border:2px solid var(--colors-colorBorder-primary,#303840);color:inherit;-webkit-text-decoration:none;text-decoration:none;}/*!sc*/
@media (max-width:479px){.bLuOCf ul li.selected button{padding-right:2rem;}}/*!sc*/
.bLuOCf ul li.selected.Special button{border:none;background-color:var(--colors-colorExtended-specials-default,#FEDC02);color:inherit;}/*!sc*/
.bLuOCf ul li.selected.ColesBrands button{background-color:var(--colors-colorBackground-brand-default,var(--colors-primary-main,#E01A22));color:var(--colors-colorForeground-inverse,var(--colors-common-white,#FFFFFF));border:1px solid var(--colors-colorBackground-brand-active,#960319);}/*!sc*/
.bLuOCf ul li.selected.HalfPrice button{background-color:var(--colors-colorExtended-specials-default,#FEDC02);color:var(--colors-colorForeground-primary,var(--colors-text-primary,#303840));border:1px solid var(--colors-colorExtended-specials-active,#CE9E03);}/*!sc*/
.bLuOCf ul li.selected.BoughtBefore button{border:none;background-color:var(--colors-colorExtended-boughtbefore-default,#0347A0);color:var(--colors-colorForeground-inverse,var(--colors-common-white,#FFFFFF));}/*!sc*/
.bLuOCf ul li.All{position:relative;margin-left:2rem;}/*!sc*/
.bLuOCf ul li.All::before{content:'';display:block;background-color:var(--colors-colorBorder-tertiary,#DCE0E5);width:1px;height:2rem;position:absolute;left:-1.25rem;}/*!sc*/
@media (min-width:1024px){.bLuOCf{display:-webkit-box;display:-webkit-flex;display:-ms-flexbox;display:flex;width:100%;}}/*!sc*/
data-styled.g1295[id="sc-87351ec8-0"]{content:"bLuOCf,"}/*!sc*/
.dlQdkg{font-family:var(--typography-body_300-fontFamily,var(--typography-body-fontFamily,"SourceSansPro","Lucida Sans",sans-serif));font-size:var(--typography-body_300-fontSize,1rem);line-height:var(--typography-body_300-lineHeight,1.5rem);font-weight:var(--typography-body_300-fontWeight,400);-webkit-letter-spacing:var(--typography-body_300-letterSpacing,0px);-moz-letter-spacing:var(--typography-body_300-letterSpacing,0px);-ms-letter-spacing:var(--typography-body_300-letterSpacing,0px);letter-spacing:var(--typography-body_300-letterSpacing,0px);font-style:var(--typography-body_300-fontStyle,normal);display:-webkit-box;display:-webkit-flex;display:-ms-flexbox;display:flex;-webkit-flex-direction:column;-ms-flex-direction:column;flex-direction:column;padding-right:1rem;color:var(--colors-colorForeground-primary,var(--colors-text-primary,#303840));-webkit-align-items:center;-webkit-box-align:center;-ms-flex-align:center;align-items:center;white-space:nowrap;}/*!sc*/
data-styled.g1296[id="sc-87351ec8-1"]{content:"dlQdkg,"}/*!sc*/
.iZMxhh{padding:1rem 0;}/*!sc*/
.iZMxhh .Special.hide-chips{display:none;}/*!sc*/
.iZMxhh ul{display:-webkit-box;display:-webkit-flex;display:-ms-flexbox;display:flex;-webkit-flex-wrap:wrap;-ms-flex-wrap:wrap;flex-wrap:wrap;-webkit-box-pack:center;-webkit-justify-content:center;-ms-flex-pack:center;justify-content:center;-webkit-column-gap:0.5rem;column-gap:0.5rem;row-gap:0.625rem;}/*!sc*/
.iZMxhh ul li{-webkit-flex:1;-ms-flex:1;flex:1;}/*!sc*/
.iZMxhh ul li > button{height:40px;}/*!sc*/
.iZMxhh ul li > button .icon-end{position:absolute;right:calc(0.15rem + 2%);right:min(1.125rem,calc(0.15rem + 3%));}/*!sc*/
.iZMxhh ul li > button{display:-webkit-box;display:-webkit-flex;display:-ms-flexbox;display:flex;-webkit-box-pack:center;-webkit-justify-content:center;-ms-flex-pack:center;justify-content:center;width:100%;position:relative;white-space:nowrap;}/*!sc*/
@media (max-width:479px){.iZMxhh ul li > button{padding-right:2rem;}}/*!sc*/
.iZMxhh ul li > button svg{width:1.5rem;height:1.5rem;}/*!sc*/
.iZMxhh ul li > button .icon-end svg{width:1rem;height:1rem;}/*!sc*/
.iZMxhh ul li > button svg:first-of-type{margin-right:5px;}/*!sc*/
.iZMxhh ul li > button:hover{-webkit-text-decoration:none;text-decoration:none;}/*!sc*/
.iZMxhh ul li.selected button{border:2px solid var(--colors-colorBorder-primary,#303840);color:inherit;-webkit-text-decoration:none;text-decoration:none;}/*!sc*/
@media (max-width:479px){.iZMxhh ul li.selected button{padding-right:2rem;}}/*!sc*/
.iZMxhh ul li.selected.Special button{border:none;background-color:var(--colors-colorExtended-specials-default,#FEDC02);color:inherit;}/*!sc*/
.iZMxhh ul li.selected.ColesBrands button{background-color:var(--colors-colorBackground-brand-default,var(--colors-primary-main,#E01A22));color:var(--colors-colorForeground-inverse,var(--colors-common-white,#FFFFFF));border:1px solid var(--colors-colorBackground-brand-active,#960319);}/*!sc*/
.iZMxhh ul li.selected.HalfPrice button{background-color:var(--colors-colorExtended-specials-default,#FEDC02);color:var(--colors-colorForeground-primary,var(--colors-text-primary,#303840));border:1px solid var(--colors-colorExtended-specials-active,#CE9E03);}/*!sc*/
.iZMxhh ul li.selected.BoughtBefore button{border:none;background-color:var(--colors-colorExtended-boughtbefore-default,#0347A0);color:var(--colors-colorForeground-inverse,var(--colors-common-white,#FFFFFF));}/*!sc*/
@media (min-width:1024px){.iZMxhh{display:none;}}/*!sc*/
data-styled.g1300[id="sc-d6b911c4-0"]{content:"iZMxhh,"}/*!sc*/
.boGwTc{display:-webkit-box;display:-webkit-flex;display:-ms-flexbox;display:flex;-webkit-flex-wrap:wrap;-ms-flex-wrap:wrap;flex-wrap:wrap;width:100%;-webkit-box-pack:justify;-webkit-justify-content:space-between;-ms-flex-pack:justify;justify-content:space-between;-webkit-align-items:center;-webkit-box-align:center;-ms-flex-align:center;align-items:center;}/*!sc*/
.boGwTc button.toggle-filter-drawer-button{margin-left:auto;}/*!sc*/
.boGwTc .sort-dropdown{width:auto;margin-left:auto;}/*!sc*/
@media (min-width:1024px){.boGwTc{margin-top:1.5rem;}.boGwTc button.toggle-filter-drawer-button{display:none;}}/*!sc*/
data-styled.g1333[id="sc-18b17278-0"]{content:"boGwTc,"}/*!sc*/
.jvLsqT{color:var(--colors-colorForeground-secondary,#636C74);font-family:var(--typography-body_200-fontFamily,var(--typography-body-fontFamily,"SourceSansPro","Lucida Sans",sans-serif));font-size:var(--typography-body_200-fontSize,0.875rem);line-height:var(--typography-body_200-lineHeight,1.25rem);font-weight:var(--typography-body_200-fontWeight,400);-webkit-letter-spacing:var(--typography-body_200-letterSpacing,0.16px);-moz-letter-spacing:var(--typography-body_200-letterSpacing,0.16px);-ms-letter-spacing:var(--typography-body_200-letterSpacing,0.16px);letter-spacing:var(--typography-body_200-letterSpacing,0.16px);font-style:var(--typography-body_200-fontStyle,normal);padding:0.5rem 0;}/*!sc*/
data-styled.g1334[id="sc-18b17278-1"]{content:"jvLsqT,"}/*!sc*/
</style></head><body><div id="__next"><div class="css-1nyfbkh e17p455n1"><a href="#skipto-main-content" data-testid="skip-button-anchor" data-rocket-comp="button" class="coles-targeting-ButtonButton button skip-to-content e1tv85wn0 css-10r2yfe eqypkd90"><span class="coles-targeting-ButtonButtonChildContainer css-1wko10k">Skip to main content</span></a><header id="coles-targeting-header-container" class="sc-cbd3da62-0 bKFkvY coles-targeting-HeaderContainerHeaderContainer"><div class="coles-targeting-HeaderHeaderTopWrapper css-hjcw4b efqnzdn10"><div data-testid="header" class="coles-targeting-HeaderHeaderContainer css-1q1wubo efqnzdn11"><div class="coles-targeting-HeaderHeaderMain css-1hnln7k efqnzdn7"><button data-testid="header-hamburger" aria-label="Menu" class="coles-targeting-ButtonButton button iconOnly header-hamburger efqnzdn6 css-1d33m37 eqypkd90" data-rocket-comp="button"><span class="coles-targeting-ButtonButtonChildContainer css-uf5jpq"><svg data-rocket-comp="IconMenuOutline" focusable="false" xmlns="http://www.w3.org/2000/svg" width="24" height="24" viewBox="0 0 24 24"><g fill="none" fill-rule="evenodd"><path stroke="currentColor" stroke-linecap="round" stroke-linejoin="round" stroke-width="2" vector-effect="non-scaling-stroke" d="M3,12 L21,12 M3,6 L21,6 M3,18 L21,18"></path></g></svg></span></button><a aria-label="Coles Home" data-testid="header-logo-link" href="/"><div data-testid="header-logo" class="coles-targeting-BrandLogoLogoWrapper css-jr7ipb ekyl30g0"><svg data-testid="icon-coles-logo" focusable="false" xmlns="http://www.w3.org/2000/svg" width="103" height="32" viewBox="0 0 103 32" role="img" aria-labelledby="colesTitle"><title id="colesTitle">Coles</title><g fill-rule="evenodd"><path d="M94.9513 17.3938L92.0453 16.7406C89.7084 16.205 88.2607 15.5385 88.2607 13.8643C88.2607 12.3607 89.7242 11.4257 92.0782 11.4257C95.0711 11.4257 96.7217 12.6159 96.8508 14.8693L96.8534 14.9103H101.667V14.8667C101.667 12.6556 100.795 10.787 99.1455 9.46458C97.4752 8.12629 95.0922 7.41879 92.2521 7.41879C89.5095 7.41879 87.224 8.10381 85.6419 9.39979C84.0914 10.6693 83.272 12.4691 83.272 14.6048C83.272 16.4695 83.8385 17.8316 85.0544 18.8895C86.1609 19.8522 87.8655 20.5941 90.4197 21.2236L93.8474 22.095C96.1842 22.6822 97.3725 23.2667 97.3725 24.8404C97.3725 26.6944 95.6257 27.8449 92.8159 27.8449C89.4383 27.8449 87.6929 26.4908 87.4795 23.7031L87.4769 23.6013H82.6213V23.7058C82.6213 28.9373 86.1793 31.9392 92.3825 31.9392C95.4755 31.9392 98.0166 31.2264 99.7304 29.8762C101.423 28.5458 102.318 26.5926 102.318 24.2308C102.318 19.9263 99.7291 18.5073 94.9513 17.3938ZM76.4115 16.6123C75.3419 13.0682 72.2923 11.7947 70.0542 11.7934H70.0529H70.0516C67.8135 11.7947 64.7639 13.0682 63.693 16.6123H76.4115ZM81.7123 19.5586C81.7137 19.9765 81.6952 20.3878 81.6623 20.7885H76.7224V20.7845H63.3834C63.8971 24.7994 66.8031 27.3199 70.0529 27.3186C72.4543 27.3186 74.6674 25.9393 75.8662 23.6013H81.1472C79.5954 28.8156 75.0613 32.0013 70.0542 31.9987H70.0529H70.0516C63.855 32.0026 58.379 27.1216 58.3934 19.5586C58.3803 10.4339 65.2829 7.35929 70.0516 7.35664H70.0529H70.0542C74.8242 7.35929 81.7255 10.4339 81.7123 19.5586ZM51.421 0.00132242L51.417 31.397L56.7969 31.3983L56.7956 0L51.421 0.00132242ZM44.9174 19.679C44.9174 15.5953 41.6202 12.2866 37.5537 12.2866C33.4872 12.2866 30.1887 15.5953 30.1887 19.679C30.1887 23.76 33.4872 27.07 37.5537 27.07C41.6202 27.07 44.9174 23.76 44.9174 19.679ZM49.827 19.679C49.827 26.4842 44.3325 32 37.5537 32C30.7749 32 25.2791 26.4842 25.2791 19.679C25.2791 12.8738 30.7749 7.35796 37.5537 7.35796C44.3325 7.35796 49.827 12.8738 49.827 19.679ZM4.90959 19.6803C4.90959 23.7613 8.2068 27.0713 12.2746 27.0713C15.2702 27.0713 17.8455 25.2742 18.9955 22.6981H24.1752C22.8341 28.042 18.0154 32 12.2746 32C5.49579 32 0 26.4828 0 19.6803C0 12.8738 5.49579 7.35796 12.2746 7.35796C18.0154 7.35796 22.8341 11.3147 24.1752 16.6599H18.9955C17.8455 14.0825 15.2702 12.2853 12.2746 12.2853C8.2068 12.2853 4.90959 15.5953 4.90959 19.6803Z" fill="#E01A22"></path></g></svg></div></a><div class="css-x22ppa efqnzdn8"></div><div class="fs-mask css-1nb931r efqnzdn9"><div class="coles-targeting-SearchInputWrapper css-19gtqwc e1um9th80"><div class="MuiFormControl-root MuiFormControl-fullWidth css-17qa0m8"><label data-testid="search-text-input-form-label-text" for="search-text-input" class="coles-targeting-TextInputStyledLabel css-13yjhfq e72vv410">Search Products</label><div data-testid="search-modal-trigger" data-rocket-comp="text-input" class="MuiInputBase-root MuiInputBase-colorPrimary MuiInputBase-formControl search-box-trigger e72vv417 css-1yddx3j"><input aria-invalid="false" aria-describedby="search-text-input-description-text search-text-input-helper-text" id="search-text-input" name="search-text-input" placeholder="Search products &amp; recipes" type="text" class="MuiInputBase-input css-aae3xl" value=""/></div><p class="MuiFormHelperText-root MuiFormHelperText-sizeMedium MuiFormHelperText-contained coles-targeting-TextInputStyledFormHelperText e72vv416 css-1rbcp6x" id="search-text-input-helper-text" data-testid="search-text-input-form-helper-text"></p></div><div class="css-2au14u e1um9th83"><button type="submit" data-testid="search-box-search-button" aria-label="Search" class="coles-targeting-ButtonButton button iconOnly search-button e1um9th81 css-1q8lnpj eqypkd90" data-rocket-comp="button"><span class="coles-targeting-ButtonButtonChildContainer css-uf5jpq"><svg data-rocket-comp="IconSearchOutline" focusable="false" xmlns="http://www.w3.org/2000/svg" width="24" height="24" viewBox="0 0 24 24"><g fill="none" fill-rule="evenodd"><path stroke="currentColor" stroke-linecap="round" stroke-linejoin="round" stroke-width="2" vector-effect="non-scaling-stroke" d="M21,21 L15,15 L21,21 Z M10,3 C6.13400675,3 3,6.13400675 3,10 C3,13.8659932 6.13400675,17 10,17 C11.8565154,17 13.6369928,16.2625021 14.9497475,14.9497475 C16.2625021,13.6369928 17,11.8565154 17,10 C17,6.13400675 13.8659932,3 10,3 Z"></path></g></svg></span></button></div></div><div id="search-box-menu-wrapper-root"></div></div><button aria-hidden="true" tabindex="-1" data-testid="search-icon" class="quick-links css-1016xm efqnzdn1">Search</button><button data-testid="header-brand-switcher" class="quick-links css-5oq2zu efqnzdn4">More from Coles</button><button data-testid="header-user" class="sc-bd9707a5-2 eXmyIm quick-links">Log in / Sign up</button><button data-testid="header-shopping-lists" class="quick-links css-jdrn8u efqnzdn5">Lists</button><div class="sc-3c98fdbc-0 czifab coles-targeting-HeaderTrolleyWrapper"><div class="fs-mask css-j6r5o6 e1eeaotf0"><button data-testid="header-trolley" aria-label="View trolley and checkout.  $0.00" class="quick-links css-11565w3 e1eeaotf3">$0.00</button><button data-testid="header-trolley-tablet-up" aria-label="View trolley and checkout.  $0.00" class="coles-targeting-ButtonButton button quick-links e1eeaotf2 css-1o9h09p eqypkd90" data-rocket-comp="button"><span aria-hidden="false" class="coles-targeting-ButtonButtonChildContainer css-1eukx1d"><svg data-rocket-comp="IconCartOutline" focusable="false" xmlns="http://www.w3.org/2000/svg" width="24" height="24" viewBox="0 0 24 24"><g fill="none" fill-rule="evenodd"><path stroke="currentColor" stroke-linecap="round" stroke-linejoin="round" stroke-width="2" vector-effect="non-scaling-stroke" d="M8,22 C8.55228475,22 9,21.5522847 9,21 C9,20.4477153 8.55228475,20 8,20 C7.44771525,20 7,20.4477153 7,21 C7,21.5522847 7.44771525,22 8,22 Z M18,22 C18.5522847,22 19,21.5522847 19,21 C19,20.4477153 18.5522847,20 18,20 C17.4477153,20 17,20.4477153 17,21 C17,21.5522847 17.4477153,22 18,22 Z M2,3 L4.5,3 L6.68,14.39 C6.86873697,15.3402315 7.71138394,16.0185624 8.68,16 L17.4,16 C18.3686161,16.0185624 19.211263,15.3402315 19.4,14.39 L21,7 L5.5,7"></path></g></svg><span class="css-lnyvlk e1eeaotf1">$0.00</span></span></button></div></div></div></div></div><div class="coles-targeting-HeaderHeaderBottomWrapper css-anlbw4 efqnzdn12"><div class="coles-targeting-HeaderHeaderContainer css-1q1wubo efqnzdn11"><div class="header-bottom-wrapper css-14g4q0u e1f9zhig0" data-testid="header-bottom-wrapper"><ul data-testid="header-bottom-nav-links" class="coles-targeting-HeaderHeaderBottomLinksWrapper css-1bg2zhk e1f9zhig2"><li><a data-testid="header-link-shop-categories" class="shop-categories e1f9zhig4 link css-10oor0f ei73wie1" href="/browse"><svg data-rocket-comp="IconMenuOutline" focusable="false" xmlns="http://www.w3.org/2000/svg" width="24" height="24" viewBox="0 0 24 24"><g fill="none" fill-rule="evenodd"><path stroke="currentColor" stroke-linecap="round" stroke-linejoin="round" stroke-width="2" vector-effect="non-scaling-stroke" d="M3,12 L21,12 M3,6 L21,6 M3,18 L21,18"></path></g></svg><span class="coles-targeting-NavLinkLabel css-1ldcebh ei73wie0"><span>Shop products</span></span></a></li><li><a data-testid="header-link-specials-catalogue" class="coles-targeting-HeaderHeaderBottomNavLink e1f9zhig4 link css-10oor0f ei73wie1" href="/on-special"><span class="coles-targeting-NavLinkLabel css-1ldcebh ei73wie0"><span>Specials &amp; catalogues</span></span></a></li><li><a data-testid="nav-link-undefined" class="coles-targeting-HeaderHeaderBottomNavLink e1f9zhig4 link css-10oor0f ei73wie1" href="/bought-before"><span class="coles-targeting-NavLinkLabel css-1ldcebh ei73wie0"><span>Bought before</span></span></a></li><li><a id="recipes-inspiration-link" data-testid="nav-link-recipes-inspiration-link" class="coles-targeting-HeaderHeaderBottomNavLink e1f9zhig4 link css-10oor0f ei73wie1" href="/recipes-inspiration"><span class="coles-targeting-NavLinkLabel css-1ldcebh ei73wie0"><span>Recipes &amp; inspiration</span></span></a></li><li><a id="waysToShop" role="button" data-testid="nav-link-waysToShop" class="coles-targeting-HeaderHeaderBottomNavLink e1f9zhig4 link css-10oor0f ei73wie1" href="/ways-to-shop"><span class="coles-targeting-NavLinkLabel css-1ldcebh ei73wie0"><span>Ways to shop</span></span></a></li><li><a id="help" role="button" data-testid="nav-link-help" class="coles-targeting-HeaderHeaderBottomNavLink e1f9zhig4 link css-10oor0f ei73wie1" href="/help"><span class="coles-targeting-NavLinkLabel css-1ldcebh ei73wie0"><span>Help</span></span></a></li><li><a id="colesPlus" role="button" data-testid="nav-link-colesPlus" class="coles-targeting-HeaderHeaderBottomNavLink e1f9zhig4 link css-10oor0f ei73wie1" aria-label="Coles Plus" href="/ways-to-shop/membership"><svg class="coles-plus-logo" data-testid="icon-coles-plus-logo" focusable="false" viewBox="0 0 495 171" fill="none" xmlns="http://www.w3.org/2000/svg"><title>Coles Plus Logo</title><path fill="#E01A22" d="M65.1 76.9C60.6 59.2 42.7 48.5 25 53 7.3 57.4-3.5 75.4 1 93.1c4.5 17.7 22.4 28.4 40.1 23.9 11.8-3 21-12.2 23.9-23.9H51.2c-4.5 10-16.2 14.5-26.2 10S10.5 86.9 15 76.9s16.2-14.5 26.2-10c4.5 2 8 5.6 10 10h13.9Zm69.1 8.1c0-18.3-14.8-33.1-33-33.1-18.3 0-33.1 14.8-33.1 33 0 18.3 14.8 33.1 33 33.1 18.3.1 33.1-14.7 33.1-33ZM121 85c0 11-8.9 19.8-19.8 19.8S81.3 96 81.3 85s8.9-19.8 19.8-19.8c11 0 19.9 8.9 19.9 19.8Zm17.5-52.8H153v84.2h-14.5V32.2ZM219.9 88c.1-1.1.1-2.2.1-3.3 0-24.5-18.6-32.7-31.4-32.7-12.8 0-31.4 8.3-31.4 32.7 0 20.3 14.7 33.4 31.4 33.4 13.9 0 26.1-9.2 29.9-22.5h-14.2c-2.9 6-9 9.9-15.7 10-8.7 0-16.6-6.7-18-17.5l49.3-.1Zm-31.3-24.2c8 0 15 5.3 17.1 12.9h-34.2c2.2-7.6 9.2-12.9 17.1-12.9Zm60.2 54.1c-16.7 0-26.3-8-26.3-22.1v-.3h13.1v.3c.6 7.5 5.3 11.1 14.4 11.1 7.6 0 12.3-3.1 12.3-8.1 0-4.2-3.2-5.8-9.5-7.4l-9.2-2.3c-5.2-.9-10.2-3.1-14.4-6.3-3.3-2.9-5.1-7.1-4.8-11.5-.2-5.4 2.2-10.6 6.4-14 5.2-3.8 11.4-5.6 17.8-5.3 6.6-.3 13.2 1.6 18.6 5.5 4.4 3.5 6.9 8.9 6.8 14.5v.1h-13V72c-.3-6-4.8-9.2-12.9-9.2-6.3 0-10.3 2.5-10.3 6.5 0 4.5 3.9 6.3 10.2 7.7l7.8 1.8c12.9 3 19.8 6.8 19.8 18.3.2 5.9-2.4 11.5-7 15.1-5.9 4.1-12.8 6.1-19.8 5.7Z"></path><path fill="#303840" d="M347.2 62.7h10v6.5c3.2-4.5 8.4-7.9 15.8-7.9 15.6 0 22.2 13.3 22.2 24.1 0 12.7-9 23.4-22.1 23.4-8.7 0-13.4-4.5-15.2-7.3V123h-10.7V62.7ZM384.6 85c0-6.4-4.6-13.8-13.7-13.8-3.9 0-7.2 1.5-9.7 4.1-2.4 2.4-3.8 5.9-3.8 9.9 0 3.8 1.5 7.2 3.9 9.7 2.4 2.4 5.9 4 9.7 4 8.1-.1 13.6-6.5 13.6-13.9Zm14.9-37.9h10.7v60.2h-10.7V47.1Zm57.6 60.2h-10v-5.9c-1.9 3.5-5.9 7.4-13.9 7.3-14.7-.1-17.4-11.2-17.4-19.1v-27h10.7V87c0 6.6 2.2 11.8 9.8 11.7 7.7 0 10.3-5 10.3-11.4V62.7h10.7v44.6h-.2Zm25.5-32.6c-.1-2.4-1.3-4.8-5.5-4.8-3.6 0-5.3 2.3-5.3 4.5.1 2.8 3.3 4.4 7.6 5.6 7.2 2 14.9 4.1 15 13.7.2 9.2-7.6 15.1-16.9 15.1-6.9 0-16.3-3.6-17.1-14.4h10.7c.4 4.8 4.6 5.8 6.6 5.8 3.3 0 6.2-2.2 6.1-5.2 0-3.8-3.3-4.9-11.6-7.7-6-1.9-10.9-5.2-11-11.6 0-8.8 7.4-14.2 16-14.2 6 0 15 2.7 15.9 13.4h-10.5v-.2Z"></path><path fill="#E01A22" d="M441.9 118.2c-3.3 6.3-7.6 12.1-12.7 17.2-13.4 13.4-31.3 20.8-50.3 20.8-19 0-36.9-7.4-50.3-20.8-13.4-13.4-20.8-31.3-20.8-50.3 0-19 7.4-36.9 20.8-50.3C342.1 21.4 359.9 14 378.9 14c19 0 36.9 7.4 50.3 20.8 5.1 5.1 9.4 10.9 12.7 17.2h15.3l-.1-.1c-4.3-10-10.4-19.1-18.1-26.8C422.9 8.8 401.6 0 378.9 0c-22.7 0-44.1 8.8-60.1 24.9-16.1 16.1-25 37.4-25 60.1 0 22.7 8.8 44.1 24.9 60.1 16.1 16.1 37.4 24.9 60.1 24.9 22.7 0 44.1-8.8 60.1-24.9 7.8-7.8 13.9-16.8 18.1-26.8l.1-.1h-15.2Z"></path></svg></a></li><li class="nav-overflow"><button id="navigation-component-button" data-testid="navigation-component-button" aria-expanded="false" class="coles-targeting-ButtonButton button coles-targeting-NavigationNavigationButton elvmt521 css-16xc58i eqypkd90" data-rocket-comp="button"><span class="coles-targeting-ButtonButtonChildContainer css-a5l8w7">More<svg data-rocket-comp="IconChevronDownOutline" focusable="false" xmlns="http://www.w3.org/2000/svg" width="24" height="24" viewBox="0 0 24 24"><g fill="none" fill-rule="evenodd"><polyline stroke="currentColor" stroke-linecap="round" stroke-linejoin="round" stroke-width="2" vector-effect="non-scaling-stroke" points="18 10 12 16 6 10"></polyline></g></svg></span></button></li></ul><div class="fs-mask css-1b5w5uy e1f9zhig3"><button id="delivery-selector-button" data-testid="delivery-selector-button" aria-expanded="false" class="coles-targeting-ButtonButton button coles-targeting-HeaderShoppingMethodSelectorButton ecjfdjq1 css-whdprs eqypkd90" data-rocket-comp="button"><span class="coles-targeting-ButtonButtonChildContainer css-1xim81f"><svg data-rocket-comp="IconMapPinOutline" focusable="false" xmlns="http://www.w3.org/2000/svg" width="24" height="24" viewBox="0 0 24 24"><g fill="none" fill-rule="evenodd"><path stroke="currentColor" stroke-linecap="round" stroke-linejoin="round" stroke-width="2" vector-effect="non-scaling-stroke" d="M12,13 C13.6568542,13 15,11.6568542 15,10 C15,8.34314575 13.6568542,7 12,7 C10.3431458,7 9,8.34314575 9,10 C9,11.6568542 10.3431458,13 12,13 Z M12,21 C16.6666667,17.4 19,13.8 19,10.2 C19,6.15 15.8659932,3 12,3 C8.13400675,3 5,6.2235498 5,10.2 C5,13.8 7.33333333,17.4 12,21 Z"></path></g></svg><span class="fs-mask">Set shopping method</span><svg data-rocket-comp="IconChevronDownOutline" focusable="false" xmlns="http://www.w3.org/2000/svg" width="24" height="24" viewBox="0 0 24 24"><g fill="none" fill-rule="evenodd"><polyline stroke="currentColor" stroke-linecap="round" stroke-linejoin="round" stroke-width="2" vector-effect="non-scaling-stroke" points="18 10 12 16 6 10"></polyline></g></svg></span></button></div></div></div></div></header><div id="coles-targeting-main-container" tabindex="-1" class="coles-targeting-StoreLayoutMain css-5vy7uj e17p455n0"><div class="css-8d0o3j e1wxvnl0"></div><div class="is-search css-zp8y1q"><div class="search-level-0 css-sadr23 e11d6dns3" id="coles-targeting-search-nav-container"><a id="skipto-main-content" href="#skipto-product-items" data-testid="skip-button-anchor" data-rocket-comp="button" class="coles-targeting-ButtonButton button coles-targeting-SkipButtonSkipButton e1tv85wn0 css-10r2yfe eqypkd90"><span class="coles-targeting-ButtonButtonChildContainer css-1wko10k">Skip to product items</span></a><div class="css-0 ev18bd70"><div class="coles-targeting-ProductHeadingStyledProductTitleContainer css-1iakz9p ev18bd71"><div class="coles-targeting-ProductHeadingHeadingContainer css-1g9vpxu ev18bd72"><h1>Results for &quot;vegetables&quot;</h1><a data-rocket-comp="link" aria-label="back to Shop products" data-testid="back-link" class="css-1mkm2i1 e1ob2sjb0" href="/browse"><svg data-rocket-comp="IconChevronLeftOutline" focusable="false" xmlns="http://www.w3.org/2000/svg" width="24" height="24" viewBox="0 0 24 24"><g fill="none" fill-rule="evenodd"><polyline stroke="currentColor" stroke-linecap="round" stroke-linejoin="round" stroke-width="2" vector-effect="non-scaling-stroke" points="14 18 8 12 14 6"></polyline></g></svg>Shop products</a></div></div><div data-testid="navigation-list"><nav data-testid="navigation-container" class="coles-targeting-NavigationListNavigationContainer css-9mpd1p e1koisbx0"><ul class="coles-targeting-NavigationListNavigationWrapper css-6d4s4t e1koisbx1"><li class="coles-targeting-nav-link-Down-Down"><a id="navigation-link-8906007" data-testid="nav-link" class="link with-badge is-bold css-1yfwi83 ei73wie1" aria-label="Down Down 7 items." href="/search/products?q=vegetables&amp;categoryName=Down%20Down&amp;categoryId=8906007&amp;categoryLevel=1"><span class="coles-targeting-NavLinkLabel css-1ldcebh ei73wie0"><span>Down Down</span></span><span class="coles-targeting-NavLinkEndWrapper css-1466huz ei73wie2"><span class="coles-targeting-NavLinkBadgeChevronWrapper css-rvp98e ei73wie3"><span data-rocket-comp="badge" data-testid="badge-wrapper" class="badge is-small css-l5xdra"><div aria-label="" class="badge-label">7</div></span><svg data-rocket-comp="IconChevronRightOutline" focusable="false" xmlns="http://www.w3.org/2000/svg" width="24" height="24" viewBox="0 0 24 24" class="icon-end"><g fill="none" fill-rule="evenodd"><polyline stroke="currentColor" stroke-linecap="round" stroke-linejoin="round" stroke-width="2" vector-effect="non-scaling-stroke" points="7 15 13 9 19 15" transform="rotate(90 13 12)"></polyline></g></svg></span></span></a></li><li class="coles-targeting-nav-link-Back-to-School"><a id="navigation-link-8904801" data-testid="nav-link" class="link with-badge is-bold css-1yfwi83 ei73wie1" aria-label="Back to School 2 items." href="/search/products?q=vegetables&amp;categoryName=Back%20To%20School&amp;categoryId=8904801&amp;categoryLevel=1"><span class="coles-targeting-NavLinkLabel css-1ldcebh ei73wie0"><span>Back to School</span></span><span class="coles-targeting-NavLinkEndWrapper css-1466huz ei73wie2"><span class="coles-targeting-NavLinkBadgeChevronWrapper css-rvp98e ei73wie3"><span data-rocket-comp="badge" data-testid="badge-wrapper" class="badge is-small css-l5xdra"><div aria-label="" class="badge-label">2</div></span><svg data-rocket-comp="IconChevronRightOutline" focusable="false" xmlns="http://www.w3.org/2000/svg" width="24" height="24" viewBox="0 0 24 24" class="icon-end"><g fill="none" fill-rule="evenodd"><polyline stroke="currentColor" stroke-linecap="round" stroke-linejoin="round" stroke-width="2" vector-effect="non-scaling-stroke" points="7 15 13 9 19 15" transform="rotate(90 13 12)"></polyline></g></svg></span></span></a></li><li class="coles-targeting-nav-link-Fruit-&amp;-Vegetables"><a id="navigation-link-2100" data-testid="nav-link" class="link with-badge is-bold css-1yfwi83 ei73wie1" aria-label="Fruit &amp; Vegetables 277 items." href="/search/products?q=vegetables&amp;categoryName=Fruit%20%26%20Vegetables&amp;categoryId=2100&amp;categoryLevel=1"><span class="coles-targeting-NavLinkLabel css-1ldcebh ei73wie0"><span>Fruit &amp; Vegetables</span></span><span class="coles-targeting-NavLinkEndWrapper css-1466huz ei73wie2"><span class="coles-targeting-NavLinkBadgeChevronWrapper css-rvp98e ei73wie3"><span data-rocket-comp="badge" data-testid="badge-wrapper" class="badge is-small css-l5xdra"><div aria-label="" class="badge-label">277</div></span><svg data-rocket-comp="IconChevronRightOutline" focusable="false" xmlns="http://www.w3.org/2000/svg" width="24" height="24" viewBox="0 0 24 24" class="icon-end"><g fill="none" fill-rule="evenodd"><polyline stroke="currentColor" stroke-linecap="round" stroke-linejoin="round" stroke-width="2" vector-effect="non-scaling-stroke" points="7 15 13 9 19 15" transform="rotate(90 13 12)"></polyline></g></svg></span></span></a></li><li class="coles-targeting-nav-link-Pantry"><a id="navigation-link-10302" data-testid="nav-link" class="link with-badge is-bold css-1yfwi83 ei73wie1" aria-label="Pantry 149 items." href="/search/products?q=vegetables&amp;categoryName=Pantry&amp;categoryId=10302&amp;categoryLevel=1"><span class="coles-targeting-NavLinkLabel css-1ldcebh ei73wie0"><span>Pantry</span></span><span class="coles-targeting-NavLinkEndWrapper css-1466huz ei73wie2"><span class="coles-targeting-NavLinkBadgeChevronWrapper css-rvp98e ei73wie3"><span data-rocket-comp="badge" data-testid="badge-wrapper" class="badge is-small css-l5xdra"><div aria-label="" class="badge-label">149</div></span><svg data-rocket-comp="IconChevronRightOutline" focusable="false" xmlns="http://www.w3.org/2000/svg" width="24" height="24" viewBox="0 0 24 24" class="icon-end"><g fill="none" fill-rule="evenodd"><polyline stroke="currentColor" stroke-linecap="round" stroke-linejoin="round" stroke-width="2" vector-effect="non-scaling-stroke" points="7 15 13 9 19 15" transform="rotate(90 13 12)"></polyline></g></svg></span></span></a></li><li class="coles-targeting-nav-link-Dietary-&amp;-World-Foods"><a id="navigation-link-674112512" data-testid="nav-link" class="link with-badge is-bold css-1yfwi83 ei73wie1" aria-label="Dietary &amp; World Foods 72 items." href="/search/products?q=vegetables&amp;categoryName=Dietary%20%26%20World%20Foods&amp;categoryId=674112512&amp;categoryLevel=1"><span class="coles-targeting-NavLinkLabel css-1ldcebh ei73wie0"><span>Dietary &amp; World Foods</span></span><span class="coles-targeting-NavLinkEndWrapper css-1466huz ei73wie2"><span class="coles-targeting-NavLinkBadgeChevronWrapper css-rvp98e ei73wie3"><span data-rocket-comp="badge" data-testid="badge-wrapper" class="badge is-small css-l5xdra"><div aria-label="" class="badge-label">72</div></span><svg data-rocket-comp="IconChevronRightOutline" focusable="false" xmlns="http://www.w3.org/2000/svg" width="24" height="24" viewBox="0 0 24 24" class="icon-end"><g fill="none" fill-rule="evenodd"><polyline stroke="currentColor" stroke-linecap="round" stroke-linejoin="round" stroke-width="2" vector-effect="non-scaling-stroke" points="7 15 13 9 19 15" transform="rotate(90 13 12)"></polyline></g></svg></span></span></a></li><li class="coles-targeting-nav-link-Frozen"><a id="navigation-link-85471" data-testid="nav-link" class="link with-badge is-bold css-1yfwi83 ei73wie1" aria-label="Frozen 68 items." href="/search/products?q=vegetables&amp;categoryName=Frozen&amp;categoryId=85471&amp;categoryLevel=1"><span class="coles-targeting-NavLinkLabel css-1ldcebh ei73wie0"><span>Frozen</span></span><span class="coles-targeting-NavLinkEndWrapper css-1466huz ei73wie2"><span class="coles-targeting-NavLinkBadgeChevronWrapper css-rvp98e ei73wie3"><span data-rocket-comp="badge" data-testid="badge-wrapper" class="badge is-small css-l5xdra"><div aria-label="" class="badge-label">68</div></span><svg data-rocket-comp="IconChevronRightOutline" focusable="false" xmlns="http://www.w3.org/2000/svg" width="24" height="24" viewBox="0 0 24 24" class="icon-end"><g fill="none" fill-rule="evenodd"><polyline stroke="currentColor" stroke-linecap="round" stroke-linejoin="round" stroke-width="2" vector-effect="non-scaling-stroke" points="7 15 13 9 19 15" transform="rotate(90 13 12)"></polyline></g></svg></span></span></a></li><li class="coles-targeting-nav-link-Bonus-Entry-Products"><a id="navigation-link-1005442010" data-testid="nav-link" class="link with-badge is-bold css-1yfwi83 ei73wie1" aria-label="Bonus Entry Products 4 items." href="/search/products?q=vegetables&amp;categoryName=Bonus%20Entry%20Products&amp;categoryId=1005442010&amp;categoryLevel=1"><span class="coles-targeting-NavLinkLabel css-1ldcebh ei73wie0"><span>Bonus Entry Products</span></span><span class="coles-targeting-NavLinkEndWrapper css-1466huz ei73wie2"><span class="coles-targeting-NavLinkBadgeChevronWrapper css-rvp98e ei73wie3"><span data-rocket-comp="badge" data-testid="badge-wrapper" class="badge is-small css-l5xdra"><div aria-label="" class="badge-label">4</div></span><svg data-rocket-comp="IconChevronRightOutline" focusable="false" xmlns="http://www.w3.org/2000/svg" width="24" height="24" viewBox="0 0 24 24" class="icon-end"><g fill="none" fill-rule="evenodd"><polyline stroke="currentColor" stroke-linecap="round" stroke-linejoin="round" stroke-width="2" vector-effect="non-scaling-stroke" points="7 15 13 9 19 15" transform="rotate(90 13 12)"></polyline></g></svg></span></span></a></li><li class="coles-targeting-nav-link-Cleaning-&amp;-Laundry"><a id="navigation-link-910869560" data-testid="nav-link" class="link with-badge is-bold css-1yfwi83 ei73wie1" aria-label="Cleaning &amp; Laundry 1 item." href="/search/products?q=vegetables&amp;categoryName=Cleaning%20%26%20Laundry&amp;categoryId=910869560&amp;categoryLevel=1"><span class="coles-targeting-NavLinkLabel css-1ldcebh ei73wie0"><span>Cleaning &amp; Laundry</span></span><span class="coles-targeting-NavLinkEndWrapper css-1466huz ei73wie2"><span class="coles-targeting-NavLinkBadgeChevronWrapper css-rvp98e ei73wie3"><span data-rocket-comp="badge" data-testid="badge-wrapper" class="badge is-small css-l5xdra"><div aria-label="" class="badge-label">1</div></span><svg data-rocket-comp="IconChevronRightOutline" focusable="false" xmlns="http://www.w3.org/2000/svg" width="24" height="24" viewBox="0 0 24 24" class="icon-end"><g fill="none" fill-rule="evenodd"><polyline stroke="currentColor" stroke-linecap="round" stroke-linejoin="round" stroke-width="2" vector-effect="non-scaling-stroke" points="7 15 13 9 19 15" transform="rotate(90 13 12)"></polyline></g></svg></span></span></a></li></ul></nav></div></div></div><div id="coles-targeting-search-content-container" data-testid="search-results" class="coles-targeting-StylesCategoryStylesContentContainer css-1dh2mpg e11d6dns5"><div class="coles-targeting-StylesSearchStylesSearchResultsContainer css-1muvv7c ezqb86215"><h1 data-testid="page-header">Results for &quot;vegetables&quot;</h1><div id="Search tabs" class="coles-search-tablist css-5jkdbu elpjunu1" data-testid="search-tabs" data-rocket-comp="tabs"><div role="tablist" class="coles-targeting-TabsTabListTabListContainer css-1sdk1bv"><div class="coles-targeting-TabsTabListTabListDiv css-1e7ut4r eodnqls1"><div data-testid="tab-navigation-container" class="coles-targeting-TabsNavigationContainer css-lqmr5 elpjunu2"><div data-testid="tab-navlist" role="tablist" aria-label="Search tabs" class="coles-targeting-TabsNavigationList css-1dni9t8 elpjunu3"><a id="search-tabs-label-0" role="tab" aria-selected="true" aria-controls="search-tabs-tab-0" tabindex="0" class="coles-targeting-TabsTabTabButton css-pu6ast">Products</a><a id="search-tabs-label-1" role="tab" aria-selected="false" aria-controls="search-tabs-tab-1" tabindex="0" class="coles-targeting-TabsTabTabButton css-1ts0hhk">Recipes</a></div></div></div></div><div role="tabpanel" id="search-tabs-tab-0" aria-labelledby="search-tabs-label-0" class="coles-targeting-TabsTabPanelPanel css-m3xpm2"><div data-testid="mobile-filters" aria-labelledby="filters-mobile" class="sc-d6b911c4-0 iZMxhh coles-targeting-FilterShortcutsChipWrapper-Mobile"><span class="sr-only" id="filters-mobile">Current filters mobile, click to change</span><ul><li class="false Special"><button data-rocket-comp="chip" class="chip-button css-y26824" aria-pressed="false" data-testid="filters-mobile-filter_Special"><span class="icon-start"><svg data-rocket-comp="IconSpecialsFill" width="24" height="24" viewBox="0 0 24 24" fill="none" xmlns="http://www.w3.org/2000/svg"><path d="M11.9 3C16.82 3 20.8 6.98 20.8 11.9C20.8 16.82 16.82 20.8 11.9 20.8C6.98 20.8 3 16.82 3 11.9C3 6.98 6.98 3 11.9 3ZM11.9 0C5.34 0 0 5.34 0 11.9C0 18.46 5.34 23.8 11.9 23.8C18.46 23.8 23.8 18.46 23.8 11.9C23.8 5.34 18.46 0 11.9 0Z" fill="#E01A22"></path><path d="M11.9 20.8C16.8153 20.8 20.8 16.8153 20.8 11.9C20.8 6.98467 16.8153 3 11.9 3C6.98467 3 3 6.98467 3 11.9C3 16.8153 6.98467 20.8 11.9 20.8Z" fill="white"></path><path d="M11.12 18.4301H12.86V16.6001C13.29 16.4801 13.68 16.2801 14 16.0001C14.32 15.7201 14.55 15.3901 14.72 15.0001C14.89 14.6301 14.97 14.2101 14.97 13.7701C14.97 13.0901 14.82 12.5101 14.5 12.0501C14.18 11.5901 13.66 11.2501 12.94 10.9801L12.55 10.8601C12.25 10.7801 12 10.6901 11.8 10.6001C11.59 10.5201 11.43 10.4101 11.29 10.2501C11.14 10.1001 11.07 9.92012 11.07 9.68012C11.07 9.50012 11.11 9.32012 11.19 9.17012C11.27 9.02012 11.38 8.91012 11.52 8.81012C11.66 8.73012 11.81 8.69012 11.98 8.69012C12.22 8.69012 12.42 8.76012 12.58 8.90012C12.73 9.04012 12.84 9.25012 12.93 9.54012H14.66C14.62 8.97012 14.44 8.47012 14.12 8.04012C13.8 7.62012 13.39 7.33012 12.87 7.17012V5.37012H11.13V7.14012C10.76 7.24012 10.42 7.42012 10.13 7.67012C9.83998 7.92012 9.61998 8.22012 9.46998 8.57012C9.31998 8.92012 9.22997 9.30012 9.22997 9.71012C9.22997 10.4201 9.43998 11.0001 9.86998 11.4701C10.29 11.9401 10.96 12.3001 11.89 12.5401C12.32 12.6501 12.64 12.8001 12.85 13.0001C13.04 13.1901 13.14 13.4601 13.14 13.7901C13.14 14.0101 13.08 14.2201 12.99 14.4001C12.88 14.5801 12.73 14.7301 12.55 14.8301C12.36 14.9401 12.15 15.0001 11.91 15.0001C11.56 15.0001 11.29 14.8901 11.05 14.6701C10.81 14.4601 10.69 14.1701 10.68 13.8101H8.84998C8.84998 14.5201 9.03998 15.1101 9.42998 15.6001C9.81998 16.0801 10.39 16.4301 11.13 16.6401V18.4501L11.12 18.4301Z" fill="#212121"></path></svg></span>All Specials<!-- --> </button></li><li class="false ColesBrands"><button data-rocket-comp="chip" class="chip-button css-y26824" aria-pressed="false" data-testid="filters-mobile-filter_ColesBrands"><span class="icon-start"><svg data-rocket-comp="IconBrandColesBadge" width="24" height="24" viewBox="0 0 48 48" fill="none" xmlns="http://www.w3.org/2000/svg" color="var(--colors-colorForeground-brand, var(--colors-primary-main, #E01A22))"><circle cx="24" cy="23.9996" r="22.4" fill="#E01A22"></circle><path fill-rule="evenodd" clip-rule="evenodd" d="M38.8331 24.4901L37.816 24.2615C36.9981 24.074 36.4914 23.8407 36.4914 23.2548C36.4914 22.7285 37.0036 22.4013 37.8275 22.4013C38.875 22.4013 39.4527 22.8179 39.4979 23.6065L39.4988 23.6209H41.1835V23.6056C41.1835 22.8317 40.8783 22.1777 40.3011 21.7149C39.7164 21.2465 38.8824 20.9989 37.8884 20.9989C36.9284 20.9989 36.1285 21.2386 35.5748 21.6922C35.0321 22.1365 34.7453 22.7665 34.7453 23.514C34.7453 24.1666 34.9436 24.6433 35.3691 25.0136C35.7564 25.3506 36.353 25.6102 37.247 25.8305L38.4467 26.1356C39.2646 26.3411 39.6805 26.5456 39.6805 27.0964C39.6805 27.7453 39.0691 28.148 38.0857 28.148C36.9035 28.148 36.2926 27.6741 36.218 26.6984L36.217 26.6627H34.5176V26.6993C34.5176 28.5303 35.7629 29.581 37.934 29.581C39.0166 29.581 39.9059 29.3315 40.5058 28.859C41.0982 28.3933 41.4113 27.7097 41.4113 26.8831C41.4113 25.3765 40.5053 24.8798 38.8331 24.4901V24.4901ZM32.3442 24.2164C31.9698 22.976 30.9024 22.5303 30.1191 22.5298H30.1186H30.1182C29.3348 22.5303 28.2675 22.976 27.8927 24.2164H32.3442ZM34.1995 25.2486C34.2 25.3948 34.1935 25.5388 34.182 25.679H32.453V25.6776H27.7844C27.9642 27.0828 28.9813 27.965 30.1187 27.9646C30.9592 27.9646 31.7338 27.4818 32.1534 26.6635H34.0017C33.4586 28.4885 31.8716 29.6035 30.1192 29.6026H30.1187H30.1182C27.9494 29.604 26.0328 27.8956 26.0379 25.2486C26.0333 22.0549 28.4492 20.9788 30.1182 20.9779H30.1187H30.1192C31.7887 20.9788 34.2041 22.0549 34.1995 25.2486V25.2486ZM23.5975 18.4028L23.5961 29.3913L25.4791 29.3917L25.4786 18.4023L23.5975 18.4028ZM21.3213 25.2904C21.3213 23.8611 20.1673 22.703 18.744 22.703C17.3207 22.703 16.1662 23.8611 16.1662 25.2904C16.1662 26.7187 17.3207 27.8772 18.744 27.8772C20.1673 27.8772 21.3213 26.7187 21.3213 25.2904V25.2904ZM23.0396 25.2902C23.0396 27.672 21.1165 29.6026 18.7439 29.6026C16.3714 29.6026 14.4478 27.672 14.4478 25.2902C14.4478 22.9084 16.3714 20.9779 18.7439 20.9779C21.1165 20.9779 23.0396 22.9084 23.0396 25.2902V25.2902ZM7.31852 25.2907C7.31852 26.719 8.47254 27.8775 9.89628 27.8775C10.9447 27.8775 11.8461 27.2485 12.2486 26.3469H14.0615C13.5921 28.2173 11.9056 29.6026 9.89628 29.6026C7.52369 29.6026 5.60016 27.6716 5.60016 25.2907C5.60016 22.9084 7.52369 20.9779 9.89628 20.9779C11.9056 20.9779 13.5921 22.3627 14.0615 24.2335H12.2486C11.8461 23.3314 10.9447 22.7024 9.89628 22.7024C8.47254 22.7024 7.31852 23.8609 7.31852 25.2907V25.2907Z" fill="white"></path></svg></span>Coles brands<!-- --> </button></li></ul></div><div class="coles-targeting-StylesSearchStylesProductFilterWrapper css-0 ezqb8622"><a style="top:-0.625rem" id="skipto-product-items" data-testid="skip-button-anchor" data-rocket-comp="button" class="coles-targeting-ButtonButton button coles-targeting-SkipButtonSkipButton e1tv85wn0 css-10r2yfe eqypkd90"><span class="coles-targeting-ButtonButtonChildContainer css-1wko10k"></span></a><div class="sc-87351ec8-0 bLuOCf coles-targeting-FilterShortcutsChipWrapper" aria-labelledby="filters"><div aria-live="assertive" class="sr-only"></div><div id="filters" class="sc-87351ec8-1 dlQdkg">Filter by:</div><ul aria-labelledby="filters"><li class="Special filter-icon"><button data-rocket-comp="chip" class="chip-button css-y26824" aria-pressed="false" data-testid="Special-filter-pill"><span class="icon-start"><svg data-rocket-comp="IconSpecialsFill" width="24" height="24" viewBox="0 0 24 24" fill="none" xmlns="http://www.w3.org/2000/svg"><path d="M11.9 3C16.82 3 20.8 6.98 20.8 11.9C20.8 16.82 16.82 20.8 11.9 20.8C6.98 20.8 3 16.82 3 11.9C3 6.98 6.98 3 11.9 3ZM11.9 0C5.34 0 0 5.34 0 11.9C0 18.46 5.34 23.8 11.9 23.8C18.46 23.8 23.8 18.46 23.8 11.9C23.8 5.34 18.46 0 11.9 0Z" fill="#E01A22"></path><path d="M11.9 20.8C16.8153 20.8 20.8 16.8153 20.8 11.9C20.8 6.98467 16.8153 3 11.9 3C6.98467 3 3 6.98467 3 11.9C3 16.8153 6.98467 20.8 11.9 20.8Z" fill="white"></path><path d="M11.12 18.4301H12.86V16.6001C13.29 16.4801 13.68 16.2801 14 16.0001C14.32 15.7201 14.55 15.3901 14.72 15.0001C14.89 14.6301 14.97 14.2101 14.97 13.7701C14.97 13.0901 14.82 12.5101 14.5 12.0501C14.18 11.5901 13.66 11.2501 12.94 10.9801L12.55 10.8601C12.25 10.7801 12 10.6901 11.8 10.6001C11.59 10.5201 11.43 10.4101 11.29 10.2501C11.14 10.1001 11.07 9.92012 11.07 9.68012C11.07 9.50012 11.11 9.32012 11.19 9.17012C11.27 9.02012 11.38 8.91012 11.52 8.81012C11.66 8.73012 11.81 8.69012 11.98 8.69012C12.22 8.69012 12.42 8.76012 12.58 8.90012C12.73 9.04012 12.84 9.25012 12.93 9.54012H14.66C14.62 8.97012 14.44 8.47012 14.12 8.04012C13.8 7.62012 13.39 7.33012 12.87 7.17012V5.37012H11.13V7.14012C10.76 7.24012 10.42 7.42012 10.13 7.67012C9.83998 7.92012 9.61998 8.22012 9.46998 8.57012C9.31998 8.92012 9.22997 9.30012 9.22997 9.71012C9.22997 10.4201 9.43998 11.0001 9.86998 11.4701C10.29 11.9401 10.96 12.3001 11.89 12.5401C12.32 12.6501 12.64 12.8001 12.85 13.0001C13.04 13.1901 13.14 13.4601 13.14 13.7901C13.14 14.0101 13.08 14.2201 12.99 14.4001C12.88 14.5801 12.73 14.7301 12.55 14.8301C12.36 14.9401 12.15 15.0001 11.91 15.0001C11.56 15.0001 11.29 14.8901 11.05 14.6701C10.81 14.4601 10.69 14.1701 10.68 13.8101H8.84998C8.84998 14.5201 9.03998 15.1101 9.42998 15.6001C9.81998 16.0801 10.39 16.4301 11.13 16.6401V18.4501L11.12 18.4301Z" fill="#212121"></path></svg></span>All Specials<!-- --> </button></li><li class="ColesBrands filter-icon"><button data-rocket-comp="chip" class="chip-button css-y26824" aria-pressed="false" data-testid="ColesBrands-filter-pill"><span class="icon-start"><svg data-rocket-comp="IconBrandColesBadge" width="24" height="24" viewBox="0 0 48 48" fill="none" xmlns="http://www.w3.org/2000/svg" color="var(--colors-colorBackground-brand-default, var(--colors-primary-main, #E01A22))"><circle cx="24" cy="23.9996" r="22.4" fill="#E01A22"></circle><path fill-rule="evenodd" clip-rule="evenodd" d="M38.8331 24.4901L37.816 24.2615C36.9981 24.074 36.4914 23.8407 36.4914 23.2548C36.4914 22.7285 37.0036 22.4013 37.8275 22.4013C38.875 22.4013 39.4527 22.8179 39.4979 23.6065L39.4988 23.6209H41.1835V23.6056C41.1835 22.8317 40.8783 22.1777 40.3011 21.7149C39.7164 21.2465 38.8824 20.9989 37.8884 20.9989C36.9284 20.9989 36.1285 21.2386 35.5748 21.6922C35.0321 22.1365 34.7453 22.7665 34.7453 23.514C34.7453 24.1666 34.9436 24.6433 35.3691 25.0136C35.7564 25.3506 36.353 25.6102 37.247 25.8305L38.4467 26.1356C39.2646 26.3411 39.6805 26.5456 39.6805 27.0964C39.6805 27.7453 39.0691 28.148 38.0857 28.148C36.9035 28.148 36.2926 27.6741 36.218 26.6984L36.217 26.6627H34.5176V26.6993C34.5176 28.5303 35.7629 29.581 37.934 29.581C39.0166 29.581 39.9059 29.3315 40.5058 28.859C41.0982 28.3933 41.4113 27.7097 41.4113 26.8831C41.4113 25.3765 40.5053 24.8798 38.8331 24.4901V24.4901ZM32.3442 24.2164C31.9698 22.976 30.9024 22.5303 30.1191 22.5298H30.1186H30.1182C29.3348 22.5303 28.2675 22.976 27.8927 24.2164H32.3442ZM34.1995 25.2486C34.2 25.3948 34.1935 25.5388 34.182 25.679H32.453V25.6776H27.7844C27.9642 27.0828 28.9813 27.965 30.1187 27.9646C30.9592 27.9646 31.7338 27.4818 32.1534 26.6635H34.0017C33.4586 28.4885 31.8716 29.6035 30.1192 29.6026H30.1187H30.1182C27.9494 29.604 26.0328 27.8956 26.0379 25.2486C26.0333 22.0549 28.4492 20.9788 30.1182 20.9779H30.1187H30.1192C31.7887 20.9788 34.2041 22.0549 34.1995 25.2486V25.2486ZM23.5975 18.4028L23.5961 29.3913L25.4791 29.3917L25.4786 18.4023L23.5975 18.4028ZM21.3213 25.2904C21.3213 23.8611 20.1673 22.703 18.744 22.703C17.3207 22.703 16.1662 23.8611 16.1662 25.2904C16.1662 26.7187 17.3207 27.8772 18.744 27.8772C20.1673 27.8772 21.3213 26.7187 21.3213 25.2904V25.2904ZM23.0396 25.2902C23.0396 27.672 21.1165 29.6026 18.7439 29.6026C16.3714 29.6026 14.4478 27.672 14.4478 25.2902C14.4478 22.9084 16.3714 20.9779 18.7439 20.9779C21.1165 20.9779 23.0396 22.9084 23.0396 25.2902V25.2902ZM7.31852 25.2907C7.31852 26.719 8.47254 27.8775 9.89628 27.8775C10.9447 27.8775 11.8461 27.2485 12.2486 26.3469H14.0615C13.5921 28.2173 11.9056 29.6026 9.89628 29.6026C7.52369 29.6026 5.60016 27.6716 5.60016 25.2907C5.60016 22.9084 7.52369 20.9779 9.89628 20.9779C11.9056 20.9779 13.5921 22.3627 14.0615 24.2335H12.2486C11.8461 23.3314 10.9447 22.7024 9.89628 22.7024C8.47254 22.7024 7.31852 23.8609 7.31852 25.2907V25.2907Z" fill="white"></path></svg></span>Coles brands<!-- --> </button></li><li class="All"><button data-rocket-comp="chip" class="chip-button css-y26824" aria-pressed="false" data-testid="All-filter-pill"><span class="icon-start"><svg data-rocket-comp="IconFilterOutline" focusable="false" xmlns="http://www.w3.org/2000/svg" width="24" height="24" viewBox="0 0 24 24"><g fill="none" fill-rule="evenodd"><path stroke="currentColor" stroke-linecap="round" stroke-linejoin="round" stroke-width="2" vector-effect="non-scaling-stroke" d="M18,8 C18,6.62 16.88,5.5 15.5,5.5 C14.12,5.5 13,6.62 13,8 C13,9.38 14.12,10.5 15.5,10.5 C16.88,10.5 18,9.38 18,8 Z M11,16 C11,14.62 9.88,13.5 8.5,13.5 C7.12,13.5 6,14.62 6,16 C6,17.38 7.12,18.5 8.5,18.5 C9.88,18.5 11,17.38 11,16 Z M21,8 L18,8 M13,8 L3,8 L13,8 Z M11,16 L21,16 L11,16 Z M3,16 L6,16 L3,16 Z" transform="matrix(-1 0 0 1 24 0)"></path></g></svg></span>All<!-- --> </button></li><li class="Specials"><button data-rocket-comp="chip" class="chip-button css-y26824" aria-pressed="false" data-testid="Specials-filter-pill">Specials<!-- --> </button></li><li class="Brand"><button data-rocket-comp="chip" class="chip-button css-y26824" aria-pressed="false" data-testid="Brand-filter-pill">Brand<!-- --> </button></li><li class="Dietary"><button data-rocket-comp="chip" class="chip-button css-y26824" aria-pressed="false" data-testid="Dietary-filter-pill">Dietary<!-- --> </button></li><li class="Allergen"><button data-rocket-comp="chip" class="chip-button css-y26824" aria-pressed="false" data-testid="Allergen-filter-pill">Allergen<!-- --> </button></li></ul></div></div><div class="coles-targeting-StylesSearchStylesSortWrapper css-15g2oxy ezqb8621"><div class="sc-18b17278-0 boGwTc coles-targeting-SearchPagesTopBarWrapper"><div data-testid="pagination-info" class="sc-18b17278-1 jvLsqT coles-targeting-SearchPagesTopBarNumberOfResults">1 - 48 of 493 results</div><div data-testid="sort-select-wrapper" class="sc-79d9acfa-0 fStpof sort-dropdown"><div class="MuiFormControl-root css-1qk38wv"><div data-testid="sort-select" class="MuiInputBase-root MuiInput-root MuiInput-underline MuiInputBase-colorPrimary MuiInputBase-formControl MuiSelect-root css-vrsrqt"><div tabindex="0" role="combobox" aria-expanded="false" aria-haspopup="listbox" aria-label="Sort by: Closest match" class="MuiSelect-select MuiSelect-standard MuiInputBase-input MuiInput-input css-1wcjd45">Sort by: <!-- -->Closest match<!-- --> </div><input aria-invalid="false" aria-hidden="true" tabindex="-1" class="MuiSelect-nativeInput css-147e5lo" value="relevance"/><svg data-rocket-comp="IconChevronDownOutline" focusable="false" xmlns="http://www.w3.org/2000/svg" width="24" height="24" viewBox="0 0 24 24" class="MuiSelect-icon MuiSelect-iconStandard css-1nkidvm"><g fill="none" fill-rule="evenodd"><polyline stroke="currentColor" stroke-linecap="round" stroke-linejoin="round" stroke-width="2" vector-effect="non-scaling-stroke" points="18 10 12 16 6 10"></polyline></g></svg></div></div></div><button aria-label="Filter &amp; sort Select to change" data-testid="toggle-filter-drawer-button" class="coles-targeting-ButtonButton button toggle-filter-drawer-button css-zfj58o eqypkd90" data-rocket-comp="button"><span class="coles-targeting-ButtonButtonChildContainer css-1eukx1d"><svg data-rocket-comp="IconFilterOutline" focusable="false" xmlns="http://www.w3.org/2000/svg" width="24" height="24" viewBox="0 0 24 24"><g fill="none" fill-rule="evenodd"><path stroke="currentColor" stroke-linecap="round" stroke-linejoin="round" stroke-width="2" vector-effect="non-scaling-stroke" d="M18,8 C18,6.62 16.88,5.5 15.5,5.5 C14.12,5.5 13,6.62 13,8 C13,9.38 14.12,10.5 15.5,10.5 C16.88,10.5 18,9.38 18,8 Z M11,16 C11,14.62 9.88,13.5 8.5,13.5 C7.12,13.5 6,14.62 6,16 C6,17.38 7.12,18.5 8.5,18.5 C9.88,18.5 11,17.38 11,16 Z M21,8 L18,8 M13,8 L3,8 L13,8 Z M11,16 L21,16 L11,16 Z M3,16 L6,16 L3,16 Z" transform="matrix(-1 0 0 1 24 0)"></path></g></svg>Filter &amp; sort</span></button></div></div><div class="coles-targeting-StylesSearchStylesProductResultsContainer css-79elbk ezqb8624"><a href="#pagination-button-page-1" data-testid="skip-button-anchor" data-rocket-comp="button" class="coles-targeting-ButtonButton button coles-targeting-SkipButtonSkipButton e1tv85wn0 css-10r2yfe eqypkd90"><span class="coles-targeting-ButtonButtonChildContainer css-1wko10k">Skip to pagination</span></a><div class="coles-targeting-StylesCategoryStylesProductListContainer css-8boes5 e11d6dns6" data-testid="product-tiles"><section data-testid="product-tile" class="list-item css-4ilwn8 e5c6fhg8"><div><div class="css-1a59qno e5c6fhg26"><div class="sc-584f2ed2-0 eXcFun coles-targeting-ProductTileHat product-hat" data-testid="product-hat"></div></div></div><div tabindex="0" class="coles-targeting-ProductTileHeaderWrapper css-16n8xtn e5c6fhg12"><header class="product__header"><div class="coles-targeting-ProductTileImageWrapper css-79elbk e5c6fhg23"><div class="product__image_area"><a tabindex="-1" class="product__link product__image" aria-label="Coles Broccoli Medium | approx. 340g" href="/product/coles-broccoli-medium-approx.-340g-407755"><span class="sc-51f151be-0 ivFUFh"><img alt="" data-testid="product-image" width="200" height="200" decoding="async" data-nimg="1" style="color:transparent;height:auto;max-width:100%;max-height:100%" srcSet="/_next/image?url=https%3A%2F%2Fcdn.productimages.coles.com.au%2Fproductimages%2F4%2F407755.jpg&amp;w=256&amp;q=90 1x, /_next/image?url=https%3A%2F%2Fcdn.productimages.coles.com.au%2Fproductimages%2F4%2F407755.jpg&amp;w=640&amp;q=90 2x" src="/_next/image?url=https%3A%2F%2Fcdn.productimages.coles.com.au%2Fproductimages%2F4%2F407755.jpg&amp;w=640&amp;q=90"/></span></a></div></div></header></div><div class="product__message-title_area"><h2 class="sr-only css-10oefb9 e5c6fhg25">Coles Broccoli Medium | approx. 340g</h2><a class="product__link product__link__analytics css-0 e5c6fhg22" tabindex="-1" href="/product/coles-broccoli-medium-approx.-340g-407755"><h2 class="product__title" style="overflow:hidden;display:block">Coles Broccoli Medium | approx. 340g</h2></a></div><div class="product__cta_section"><div class="product__pricing_area" data-testid="pricing"><section class="sc-8ee31a8b-0 gzRYHL product__pricing" data-testid="product_price"><div class="price"><span class="price__value" data-testid="product-pricing" aria-label="Price $2.72">$2.72</span><div class="sc-8ee31a8b-1 hMuHoF"></div></div><div class="sc-79c0c972-0 dbbkCW"><div class="price__calculation_method">$8.00/ 1kg</div></div><div class="price__calculation_additional_info"><span class="price__calculation_method__description">Final price is based on weight</span></div></section><div class="product__rating_area" data-testid="product-rating"><div data-bv-show="inline_rating" data-bv-product-id="407755" data-bv-seo="false"></div></div><div class="product__availability_area" data-testid="product-availablity"></div></div><div data-testid="product-tile-cta-content" class="sc-dad300a8-0 hCZkYw"><div class="product__lists_cta_wrapper css-eyzank e5c6fhg7" data-testid="product-lists-cta-wrapper"><div class="css-fnf5lc e5c6fhg5"><div data-testid="add-to-cart" class="product__add_to_cart css-1d05ks6 emb2p810"><button data-testid="add-to-cart-button" aria-label="Add Coles Broccoli Medium to the trolley" class="coles-targeting-ButtonButton button product-tiles-btn css-a6sib9 eqypkd90" data-rocket-comp="button"><span aria-hidden="false" class="coles-targeting-ButtonButtonChildContainer css-1eukx1d"><svg data-rocket-comp="IconCartAddOutline" focusable="false" xmlns="http://www.w3.org/2000/svg" width="24" height="24" viewBox="0 0 24 24"><g fill="none" fill-rule="evenodd"><path stroke="currentColor" stroke-linecap="round" stroke-linejoin="round" stroke-width="2" vector-effect="non-scaling-stroke" d="M8,22 C8.55228475,22 9,21.5522847 9,21 C9,20.4477153 8.55228475,20 8,20 C7.44771525,20 7,20.4477153 7,21 C7,21.5522847 7.44771525,22 8,22 Z M18,22 C18.5522847,22 19,21.5522847 19,21 C19,20.4477153 18.5522847,20 18,20 C17.4477153,20 17,20.4477153 17,21 C17,21.5522847 17.4477153,22 18,22 Z M2,3 L4.5,3 L6.68,14.39 C6.86873697,15.3402315 7.71138394,16.0185624 8.68,16 L17.4,16 C18.3686161,16.0185624 19.211263,15.3402315 19.4,14.39 L21,7 M13,12 L13,6 M10,9 L16,9"></path></g></svg>Add</span></button></div></div></div></div></div></section><span class="MuiSkeleton-root MuiSkeleton-rectangular MuiSkeleton-wave css-1yy9p6o" data-rocket-comp="skeleton"></span><section data-testid="product-tile" class="list-item css-4ilwn8 e5c6fhg8"><div><div class="css-1a59qno e5c6fhg26"><div class="sc-584f2ed2-0 eXcFun coles-targeting-ProductTileHat product-hat" data-testid="product-hat"></div></div></div><div tabindex="0" class="coles-targeting-ProductTileHeaderWrapper css-16n8xtn e5c6fhg12"><header class="product__header"><div class="coles-targeting-ProductTileImageWrapper css-79elbk e5c6fhg23"><div class="product__image_area"><a tabindex="-1" class="product__link product__image" aria-label="Coles Carrots | 1Kg" href="/product/coles-carrots-1kg-9006560"><span class="sc-51f151be-0 ivFUFh"><img alt="" data-testid="product-image" width="200" height="200" decoding="async" data-nimg="1" style="color:transparent;height:auto;max-width:100%;max-height:100%" srcSet="/_next/image?url=https%3A%2F%2Fcdn.productimages.coles.com.au%2Fproductimages%2F9%2F9006560.jpg&amp;w=256&amp;q=90 1x, /_next/image?url=https%3A%2F%2Fcdn.productimages.coles.com.au%2Fproductimages%2F9%2F9006560.jpg&amp;w=640&amp;q=90 2x" src="/_next/image?url=https%3A%2F%2Fcdn.productimages.coles.com.au%2Fproductimages%2F9%2F9006560.jpg&amp;w=640&amp;q=90"/></span></a></div><span data-testid="simple-fixed-price-specials" class="product__badge css-7g8o32 eaeedhw0"><span class="roundel-text simple-fixed-price-specials"><span></span>SPECIAL<span></span></span></span></div></header></div><div class="product__message-title_area"><h2 class="sr-only css-10oefb9 e5c6fhg25">Coles Carrots | 1Kg</h2><a class="product__link product__link__analytics css-0 e5c6fhg22" tabindex="-1" href="/product/coles-carrots-1kg-9006560"><h2 class="product__title" style="overflow:hidden;display:block">Coles Carrots | 1Kg</h2></a></div><div class="product__cta_section"><div class="product__pricing_area" data-testid="pricing"><section class="sc-8ee31a8b-0 gzRYHL product__pricing" data-testid="product_price"><div class="price"><span class="price__value" data-testid="product-pricing" aria-label="Price $1.70">$1.70</span><div class="sc-8ee31a8b-1 hMuHoF"></div></div><div class="sc-79c0c972-0 dbbkCW"><div class="price__calculation_method">$1.70/ 1kg</div></div><div class="price__calculation_additional_info"></div></section><div class="product__rating_area" data-testid="product-rating"><div data-bv-show="inline_rating" data-bv-product-id="9006560" data-bv-seo="false"></div></div><div class="product__availability_area" data-testid="product-availablity"></div></div><div data-testid="product-tile-cta-content" class="sc-dad300a8-0 hCZkYw"><div class="product__lists_cta_wrapper css-eyzank e5c6fhg7" data-testid="product-lists-cta-wrapper"><div class="css-fnf5lc e5c6fhg5"><div data-testid="add-to-cart" class="product__add_to_cart css-1d05ks6 emb2p810"><button data-testid="add-to-cart-button" aria-label="Add Coles Carrots to the trolley" class="coles-targeting-ButtonButton button product-tiles-btn css-a6sib9 eqypkd90" data-rocket-comp="button"><span aria-hidden="false" class="coles-targeting-ButtonButtonChildContainer css-1eukx1d"><svg data-rocket-comp="IconCartAddOutline" focusable="false" xmlns="http://www.w3.org/2000/svg" width="24" height="24" viewBox="0 0 24 24"><g fill="none" fill-rule="evenodd"><path stroke="currentColor" stroke-linecap="round" stroke-linejoin="round" stroke-width="2" vector-effect="non-scaling-stroke" d="M8,22 C8.55228475,22 9,21.5522847 9,21 C9,20.4477153 8.55228475,20 8,20 C7.44771525,20 7,20.4477153 7,21 C7,21.5522847 7.44771525,22 8,22 Z M18,22 C18.5522847,22 19,21.5522847 19,21 C19,20.4477153 18.5522847,20 18,20 C17.4477153,20 17,20.4477153 17,21 C17,21.5522847 17.4477153,22 18,22 Z M2,3 L4.5,3 L6.68,14.39 C6.86873697,15.3402315 7.71138394,16.0185624 8.68,16 L17.4,16 C18.3686161,16.0185624 19.211263,15.3402315 19.4,14.39 L21,7 M13,12 L13,6 M10,9 L16,9"></path></g></svg>Add</span></button></div></div></div></div></div></section><section data-testid="product-tile" class="list-item css-4ilwn8 e5c6fhg8"><div><div class="css-1a59qno e5c6fhg26"><div class="sc-584f2ed2-0 eXcFun coles-targeting-ProductTileHat product-hat" data-testid="product-hat"></div></div></div><div tabindex="0" class="coles-targeting-ProductTileHeaderWrapper css-16n8xtn e5c6fhg12"><header class="product__header"><div class="coles-targeting-ProductTileImageWrapper css-79elbk e5c6fhg23"><div class="product__image_area"><a tabindex="-1" class="product__link product__image" aria-label="Coles Green Zucchini | approx. 200g" href="/product/coles-green-zucchini-approx.-200g-4910506"><span class="sc-51f151be-0 ivFUFh"><img alt="" data-testid="product-image" width="200" height="200" decoding="async" data-nimg="1" style="color:transparent;height:auto;max-width:100%;max-height:100%" srcSet="/_next/image?url=https%3A%2F%2Fcdn.productimages.coles.com.au%2Fproductimages%2F4%2F4910506.jpg&amp;w=256&amp;q=90 1x, /_next/image?url=https%3A%2F%2Fcdn.productimages.coles.com.au%2Fproductimages%2F4%2F4910506.jpg&amp;w=640&amp;q=90 2x" src="/_next/image?url=https%3A%2F%2Fcdn.productimages.coles.com.au%2Fproductimages%2F4%2F4910506.jpg&amp;w=640&amp;q=90"/></span></a></div></div></header></div><div class="product__message-title_area"><h2 class="sr-only css-10oefb9 e5c6fhg25">Coles Green Zucchini | approx. 200g</h2><a class="product__link product__link__analytics css-0 e5c6fhg22" tabindex="-1" href="/product/coles-green-zucchini-approx.-200g-4910506"><h2 class="product__title" style="overflow:hidden;display:block">Coles Green Zucchini | approx. 200g</h2></a></div><div class="product__cta_section"><div class="product__pricing_area" data-testid="pricing"><section class="sc-8ee31a8b-0 gzRYHL product__pricing" data-testid="product_price"><div class="price"><span class="price__value" data-testid="product-pricing" aria-label="Price $1.18">$1.18</span><div class="sc-8ee31a8b-1 hMuHoF"></div></div><div class="sc-79c0c972-0 dbbkCW"><div class="price__calculation_method">$5.90/ 1kg</div></div><div class="price__calculation_additional_info"><span class="price__calculation_method__description">Final price is based on weight</span></div></section><div class="product__rating_area" data-testid="product-rating"><div data-bv-show="inline_rating" data-bv-product-id="4910506" data-bv-seo="false"></div></div><div class="product__availability_area" data-testid="product-availablity"></div></div><div data-testid="product-tile-cta-content" class="sc-dad300a8-0 hCZkYw"><div class="product__lists_cta_wrapper css-eyzank e5c6fhg7" data-testid="product-lists-cta-wrapper"><div class="css-fnf5lc e5c6fhg5"><div data-testid="add-to-cart" class="product__add_to_cart css-1d05ks6 emb2p810"><button data-testid="add-to-cart-button" aria-label="Add Coles Green Zucchini to the trolley" class="coles-targeting-ButtonButton button product-tiles-btn css-a6sib9 eqypkd90" data-rocket-comp="button"><span aria-hidden="false" class="coles-targeting-ButtonButtonChildContainer css-1eukx1d"><svg data-rocket-comp="IconCartAddOutline" focusable="false" xmlns="http://www.w3.org/2000/svg" width="24" height="24" viewBox="0 0 24 24"><g fill="none" fill-rule="evenodd"><path stroke="currentColor" stroke-linecap="round" stroke-linejoin="round" stroke-width="2" vector-effect="non-scaling-stroke" d="M8,22 C8.55228475,22 9,21.5522847 9,21 C9,20.4477153 8.55228475,20 8,20 C7.44771525,20 7,20.4477153 7,21 C7,21.5522847 7.44771525,22 8,22 Z M18,22 C18.5522847,22 19,21.5522847 19,21 C19,20.4477153 18.5522847,20 18,20 C17.4477153,20 17,20.4477153 17,21 C17,21.5522847 17.4477153,22 18,22 Z M2,3 L4.5,3 L6.68,14.39 C6.86873697,15.3402315 7.71138394,16.0185624 8.68,16 L17.4,16 C18.3686161,16.0185624 19.211263,15.3402315 19.4,14.39 L21,7 M13,12 L13,6 M10,9 L16,9"></path></g></svg>Add</span></button></div></div></div></div></div></section><section data-testid="product-tile" class="list-item css-4ilwn8 e5c6fhg8"><div><div class="css-1a59qno e5c6fhg26"><div class="sc-584f2ed2-0 eXcFun coles-targeting-ProductTileHat product-hat" data-testid="product-hat"></div></div></div><div tabindex="0" class="coles-targeting-ProductTileHeaderWrapper css-16n8xtn e5c6fhg12"><header class="product__header"><div class="coles-targeting-ProductTileImageWrapper css-79elbk e5c6fhg23"><div class="product__image_area"><a tabindex="-1" class="product__link product__image" aria-label="Coles Tomatoes Gourmet | approx. 130g" href="/product/coles-tomatoes-gourmet-approx.-130g-4597109"><span class="sc-51f151be-0 ivFUFh"><img alt="" data-testid="product-image" width="200" height="200" decoding="async" data-nimg="1" style="color:transparent;height:auto;max-width:100%;max-height:100%" srcSet="/_next/image?url=https%3A%2F%2Fcdn.productimages.coles.com.au%2Fproductimages%2F4%2F4597109.jpg&amp;w=256&amp;q=90 1x, /_next/image?url=https%3A%2F%2Fcdn.productimages.coles.com.au%2Fproductimages%2F4%2F4597109.jpg&amp;w=640&amp;q=90 2x" src="/_next/image?url=https%3A%2F%2Fcdn.productimages.coles.com.au%2Fproductimages%2F4%2F4597109.jpg&amp;w=640&amp;q=90"/></span></a></div></div></header></div><div class="product__message-title_area"><h2 class="sr-only css-10oefb9 e5c6fhg25">Coles Tomatoes Gourmet | approx. 130g</h2><a class="product__link product__link__analytics css-0 e5c6fhg22" tabindex="-1" href="/product/coles-tomatoes-gourmet-approx.-130g-4597109"><h2 class="product__title" style="overflow:hidden;display:block">Coles Tomatoes Gourmet | approx. 130g</h2></a></div><div class="product__cta_section"><div class="product__pricing_area" data-testid="pricing"><section class="sc-8ee31a8b-0 gzRYHL product__pricing" data-testid="product_price"><div class="price"><span class="price__value" data-testid="product-pricing" aria-label="Price $0.77">$0.77</span><div class="sc-8ee31a8b-1 hMuHoF"></div></div><div class="sc-79c0c972-0 dbbkCW"><div class="price__calculation_method">$5.90/ 1kg</div></div><div class="price__calculation_additional_info"><span class="price__calculation_method__description">Final price is based on weight</span></div></section><div class="product__rating_area" data-testid="product-rating"><div data-bv-show="inline_rating" data-bv-product-id="4597109" data-bv-seo="false"></div></div><div class="product__availability_area" data-testid="product-availablity"></div></div><div data-testid="product-tile-cta-content" class="sc-dad300a8-0 hCZkYw"><div class="product__lists_cta_wrapper css-eyzank e5c6fhg7" data-testid="product-lists-cta-wrapper"><div class="css-fnf5lc e5c6fhg5"><div data-testid="add-to-cart" class="product__add_to_cart css-1d05ks6 emb2p810"><button data-testid="add-to-cart-button" aria-label="Add Coles Tomatoes Gourmet to the trolley" class="coles-targeting-ButtonButton button product-tiles-btn css-a6sib9 eqypkd90" data-rocket-comp="button"><span aria-hidden="false" class="coles-targeting-ButtonButtonChildContainer css-1eukx1d"><svg data-rocket-comp="IconCartAddOutline" focusable="false" xmlns="http://www.w3.org/2000/svg" width="24" height="24" viewBox="0 0 24 24"><g fill="none" fill-rule="evenodd"><path stroke="currentColor" stroke-linecap="round" stroke-linejoin="round" stroke-width="2" vector-effect="non-scaling-stroke" d="M8,22 C8.55228475,22 9,21.5522847 9,21 C9,20.4477153 8.55228475,20 8,20 C7.44771525,20 7,20.4477153 7,21 C7,21.5522847 7.44771525,22 8,22 Z M18,22 C18.5522847,22 19,21.5522847 19,21 C19,20.4477153 18.5522847,20 18,20 C17.4477153,20 17,20.4477153 17,21 C17,21.5522847 17.4477153,22 18,22 Z M2,3 L4.5,3 L6.68,14.39 C6.86873697,15.3402315 7.71138394,16.0185624 8.68,16 L17.4,16 C18.3686161,16.0185624 19.211263,15.3402315 19.4,14.39 L21,7 M13,12 L13,6 M10,9 L16,9"></path></g></svg>Add</span></button></div></div></div></div></div></section><section data-testid="product-tile" class="list-item css-4ilwn8 e5c6fhg8"><div><div class="css-1a59qno e5c6fhg26"><div class="sc-584f2ed2-0 eXcFun coles-targeting-ProductTileHat product-hat" data-testid="product-hat"></div></div></div><div tabindex="0" class="coles-targeting-ProductTileHeaderWrapper css-16n8xtn e5c6fhg12"><header class="product__header"><div class="coles-targeting-ProductTileImageWrapper css-79elbk e5c6fhg23"><div class="product__image_area"><a tabindex="-1" class="product__link product__image" aria-label="Coles Red Capsicum Loose | approx. 220g" href="/product/coles-red-capsicum-loose-approx.-220g-4580208"><span class="sc-51f151be-0 ivFUFh"><img alt="" data-testid="product-image" loading="lazy" width="200" height="200" decoding="async" data-nimg="1" style="color:transparent;height:auto;max-width:100%;max-height:100%" srcSet="/_next/image?url=https%3A%2F%2Fcdn.productimages.coles.com.au%2Fproductimages%2F4%2F4580208.jpg&amp;w=256&amp;q=90 1x, /_next/image?url=https%3A%2F%2Fcdn.productimages.coles.com.au%2Fproductimages%2F4%2F4580208.jpg&amp;w=640&amp;q=90 2x" src="/_next/image?url=https%3A%2F%2Fcdn.productimages.coles.com.au%2Fproductimages%2F4%2F4580208.jpg&amp;w=640&amp;q=90"/></span></a></div></div></header></div><div class="product__message-title_area"><h2 class="sr-only css-10oefb9 e5c6fhg25">Coles Red Capsicum Loose | approx. 220g</h2><a class="product__link product__link__analytics css-0 e5c6fhg22" tabindex="-1" href="/product/coles-red-capsicum-loose-approx.-220g-4580208"><h2 class="product__title" style="overflow:hidden;display:block">Coles Red Capsicum Loose | approx. 220g</h2></a></div><div class="product__cta_section"><div class="product__pricing_area" data-testid="pricing"><section class="sc-8ee31a8b-0 gzRYHL product__pricing" data-testid="product_price"><div class="price"><span class="price__value" data-testid="product-pricing" aria-label="Price $2.18">$2.18</span><div class="sc-8ee31a8b-1 hMuHoF"></div></div><div class="sc-79c0c972-0 dbbkCW"><div class="price__calculation_method">$9.90/ 1kg</div></div><div class="price__calculation_additional_info"><span class="price__calculation_method__description">Final price is based on weight</span></div></section><div class="product__rating_area" data-testid="product-rating"><div data-bv-show="inline_rating" data-bv-product-id="4580208" data-bv-seo="false"></div></div><div class="product__availability_area" data-testid="product-availablity"></div></div><div data-testid="product-tile-cta-content" class="sc-dad300a8-0 hCZkYw"><div class="product__lists_cta_wrapper css-eyzank e5c6fhg7" data-testid="product-lists-cta-wrapper"><div class="css-fnf5lc e5c6fhg5"><div data-testid="add-to-cart" class="product__add_to_cart css-1d05ks6 emb2p810"><button data-testid="add-to-cart-button" aria-label="Add Coles Red Capsicum Loose to the trolley" class="coles-targeting-ButtonButton button product-tiles-btn css-a6sib9 eqypkd90" data-rocket-comp="button"><span aria-hidden="false" class="coles-targeting-ButtonButtonChildContainer css-1eukx1d"><svg data-rocket-comp="IconCartAddOutline" focusable="false" xmlns="http://www.w3.org/2000/svg" width="24" height="24" viewBox="0 0 24 24"><g fill="none" fill-rule="evenodd"><path stroke="currentColor" stroke-linecap="round" stroke-linejoin="round" stroke-width="2" vector-effect="non-scaling-stroke" d="M8,22 C8.55228475,22 9,21.5522847 9,21 C9,20.4477153 8.55228475,20 8,20 C7.44771525,20 7,20.4477153 7,21 C7,21.5522847 7.44771525,22 8,22 Z M18,22 C18.5522847,22 19,21.5522847 19,21 C19,20.4477153 18.5522847,20 18,20 C17.4477153,20 17,20.4477153 17,21 C17,21.5522847 17.4477153,22 18,22 Z M2,3 L4.5,3 L6.68,14.39 C6.86873697,15.3402315 7.71138394,16.0185624 8.68,16 L17.4,16 C18.3686161,16.0185624 19.211263,15.3402315 19.4,14.39 L21,7 M13,12 L13,6 M10,9 L16,9"></path></g></svg>Add</span></button></div></div></div></div></div></section><section data-testid="product-tile" class="list-item css-4ilwn8 e5c6fhg8"><div><div class="css-1a59qno e5c6fhg26"><div class="sc-584f2ed2-0 eXcFun coles-targeting-ProductTileHat product-hat" data-testid="product-hat"></div></div></div><div tabindex="0" class="coles-targeting-ProductTileHeaderWrapper css-16n8xtn e5c6fhg12"><header class="product__header"><div class="coles-targeting-ProductTileImageWrapper css-79elbk e5c6fhg23"><div class="product__image_area"><a tabindex="-1" class="product__link product__image" aria-label="Coles Cucumbers Continental Loose | 1 Each" href="/product/coles-cucumbers-continental-loose-1-each-4575605"><span class="sc-51f151be-0 ivFUFh"><img alt="" data-testid="product-image" loading="lazy" width="200" height="200" decoding="async" data-nimg="1" style="color:transparent;height:auto;max-width:100%;max-height:100%" srcSet="/_next/image?url=https%3A%2F%2Fcdn.productimages.coles.com.au%2Fproductimages%2F4%2F4575605.jpg&amp;w=256&amp;q=90 1x, /_next/image?url=https%3A%2F%2Fcdn.productimages.coles.com.au%2Fproductimages%2F4%2F4575605.jpg&amp;w=640&amp;q=90 2x" src="/_next/image?url=https%3A%2F%2Fcdn.productimages.coles.com.au%2Fproductimages%2F4%2F4575605.jpg&amp;w=640&amp;q=90"/></span></a></div></div></header></div><div class="product__message-title_area"><h2 class="sr-only css-10oefb9 e5c6fhg25">Coles Cucumbers Continental Loose | 1 Each</h2><a class="product__link product__link__analytics css-0 e5c6fhg22" tabindex="-1" href="/product/coles-cucumbers-continental-loose-1-each-4575605"><h2 class="product__title" style="overflow:hidden;display:block">Coles Cucumbers Continental Loose | 1 Each</h2></a></div><div class="product__cta_section"><div class="product__pricing_area" data-testid="pricing"><section class="sc-8ee31a8b-0 gzRYHL product__pricing" data-testid="product_price"><div class="price"><span class="price__value" data-testid="product-pricing" aria-label="Price $2.50">$2.50</span><div class="sc-8ee31a8b-1 hMuHoF"></div></div><div class="sc-79c0c972-0 dbbkCW"><div class="price__calculation_method">$2.50/ 1ea</div></div><div class="price__calculation_additional_info"></div></section><div class="product__rating_area" data-testid="product-rating"><div data-bv-show="inline_rating" data-bv-product-id="4575605" data-bv-seo="false"></div></div><div class="product__availability_area" data-testid="product-availablity"></div></div><div data-testid="product-tile-cta-content" class="sc-dad300a8-0 hCZkYw"><div class="product__lists_cta_wrapper css-eyzank e5c6fhg7" data-testid="product-lists-cta-wrapper"><div class="css-fnf5lc e5c6fhg5"><div data-testid="add-to-cart" class="product__add_to_cart css-1d05ks6 emb2p810"><button data-testid="add-to-cart-button" aria-label="Add Coles Cucumbers Continental Loose to the trolley" class="coles-targeting-ButtonButton button product-tiles-btn css-a6sib9 eqypkd90" data-rocket-comp="button"><span aria-hidden="false" class="coles-targeting-ButtonButtonChildContainer css-1eukx1d"><svg data-rocket-comp="IconCartAddOutline" focusable="false" xmlns="http://www.w3.org/2000/svg" width="24" height="24" viewBox="0 0 24 24"><g fill="none" fill-rule="evenodd"><path stroke="currentColor" stroke-linecap="round" stroke-linejoin="round" stroke-width="2" vector-effect="non-scaling-stroke" d="M8,22 C8.55228475,22 9,21.5522847 9,21 C9,20.4477153 8.55228475,20 8,20 C7.44771525,20 7,20.4477153 7,21 C7,21.5522847 7.44771525,22 8,22 Z M18,22 C18.5522847,22 19,21.5522847 19,21 C19,20.4477153 18.5522847,20 18,20 C17.4477153,20 17,20.4477153 17,21 C17,21.5522847 17.4477153,22 18,22 Z M2,3 L4.5,3 L6.68,14.39 C6.86873697,15.3402315 7.71138394,16.0185624 8.68,16 L17.4,16 C18.3686161,16.0185624 19.211263,15.3402315 19.4,14.39 L21,7 M13,12 L13,6 M10,9 L16,9"></path></g></svg>Add</span></button></div></div></div></div></div></section><section data-testid="product-tile" class="list-item css-4ilwn8 e5c6fhg8"><div><div class="css-1a59qno e5c6fhg26"><div class="sc-584f2ed2-0 eXcFun coles-targeting-ProductTileHat product-hat" data-testid="product-hat"></div></div></div><div tabindex="0" class="coles-targeting-ProductTileHeaderWrapper css-16n8xtn e5c6fhg12"><header class="product__header"><div class="coles-targeting-ProductTileImageWrapper css-79elbk e5c6fhg23"><div class="product__image_area"><a tabindex="-1" class="product__link product__image" aria-label="Coles Iceberg Lettuce | 1 Each" href="/product/coles-iceberg-lettuce-1-each-4584071"><span class="sc-51f151be-0 ivFUFh"><img alt="" data-testid="product-image" loading="lazy" width="200" height="200" decoding="async" data-nimg="1" style="color:transparent;height:auto;max-width:100%;max-height:100%" srcSet="/_next/image?url=https%3A%2F%2Fcdn.productimages.coles.com.au%2Fproductimages%2F4%2F4584071.jpg&amp;w=256&amp;q=90 1x, /_next/image?url=https%3A%2F%2Fcdn.productimages.coles.com.au%2Fproductimages%2F4%2F4584071.jpg&amp;w=640&amp;q=90 2x" src="/_next/image?url=https%3A%2F%2Fcdn.productimages.coles.com.au%2Fproductimages%2F4%2F4584071.jpg&amp;w=640&amp;q=90"/></span></a></div></div></header></div><div class="product__message-title_area"><h2 class="sr-only css-10oefb9 e5c6fhg25">Coles Iceberg Lettuce | 1 Each</h2><a class="product__link product__link__analytics css-0 e5c6fhg22" tabindex="-1" href="/product/coles-iceberg-lettuce-1-each-4584071"><h2 class="product__title" style="overflow:hidden;display:block">Coles Iceberg Lettuce | 1 Each</h2></a></div><div class="product__cta_section"><div class="product__pricing_area" data-testid="pricing"><section class="sc-8ee31a8b-0 gzRYHL product__pricing" data-testid="product_price"><div class="price"><span class="price__value" data-testid="product-pricing" aria-label="Price $3.50">$3.50</span><div class="sc-8ee31a8b-1 hMuHoF"></div></div><div class="sc-79c0c972-0 dbbkCW"><div class="price__calculation_method">$3.50/ 1ea</div></div><div class="price__calculation_additional_info"></div></section><div class="product__rating_area" data-testid="product-rating"><div data-bv-show="inline_rating" data-bv-product-id="4584071" data-bv-seo="false"></div></div><div class="product__availability_area" data-testid="product-availablity"></div></div><div data-testid="product-tile-cta-content" class="sc-dad300a8-0 hCZkYw"><div class="product__lists_cta_wrapper css-eyzank e5c6fhg7" data-testid="product-lists-cta-wrapper"><div class="css-fnf5lc e5c6fhg5"><div data-testid="add-to-cart" class="product__add_to_cart css-1d05ks6 emb2p810"><button data-testid="add-to-cart-button" aria-label="Add Coles Iceberg Lettuce to the trolley" class="coles-targeting-ButtonButton button product-tiles-btn css-a6sib9 eqypkd90" data-rocket-comp="button"><span aria-hidden="false" class="coles-targeting-ButtonButtonChildContainer css-1eukx1d"><svg data-rocket-comp="IconCartAddOutline" focusable="false" xmlns="http://www.w3.org/2000/svg" width="24" height="24" viewBox="0 0 24 24"><g fill="none" fill-rule="evenodd"><path stroke="currentColor" stroke-linecap="round" stroke-linejoin="round" stroke-width="2" vector-effect="non-scaling-stroke" d="M8,22 C8.55228475,22 9,21.5522847 9,21 C9,20.4477153 8.55228475,20 8,20 C7.44771525,20 7,20.4477153 7,21 C7,21.5522847 7.44771525,22 8,22 Z M18,22 C18.5522847,22 19,21.5522847 19,21 C19,20.4477153 18.5522847,20 18,20 C17.4477153,20 17,20.4477153 17,21 C17,21.5522847 17.4477153,22 18,22 Z M2,3 L4.5,3 L6.68,14.39 C6.86873697,15.3402315 7.71138394,16.0185624 8.68,16 L17.4,16 C18.3686161,16.0185624 19.211263,15.3402315 19.4,14.39 L21,7 M13,12 L13,6 M10,9 L16,9"></path></g></svg>Add</span></button></div></div></div></div></div></section><section data-testid="product-tile" class="list-item css-4ilwn8 e5c6fhg8"><div><div class="css-1a59qno e5c6fhg26"><div class="sc-584f2ed2-0 eXcFun coles-targeting-ProductTileHat product-hat" data-testid="product-hat"></div></div></div><div tabindex="0" class="coles-targeting-ProductTileHeaderWrapper css-16n8xtn e5c6fhg12"><header class="product__header"><div class="coles-targeting-ProductTileImageWrapper css-79elbk e5c6fhg23"><div class="product__image_area"><a tabindex="-1" class="product__link product__image" aria-label="Coles Tomatoes Greenhouse Truss | approx. 130g" href="/product/coles-tomatoes-greenhouse-truss-approx.-130g-4628676"><span class="sc-51f151be-0 ivFUFh"><img alt="" data-testid="product-image" loading="lazy" width="200" height="200" decoding="async" data-nimg="1" style="color:transparent;height:auto;max-width:100%;max-height:100%" srcSet="/_next/image?url=https%3A%2F%2Fcdn.productimages.coles.com.au%2Fproductimages%2F4%2F4628676.jpg&amp;w=256&amp;q=90 1x, /_next/image?url=https%3A%2F%2Fcdn.productimages.coles.com.au%2Fproductimages%2F4%2F4628676.jpg&amp;w=640&amp;q=90 2x" src="/_next/image?url=https%3A%2F%2Fcdn.productimages.coles.com.au%2Fproductimages%2F4%2F4628676.jpg&amp;w=640&amp;q=90"/></span></a></div><span data-testid="simple-fixed-price-specials" class="product__badge css-7g8o32 eaeedhw0"><span class="roundel-text simple-fixed-price-specials"><span></span>SPECIAL<span></span></span></span></div></header></div><div class="product__message-title_area"><h2 class="sr-only css-10oefb9 e5c6fhg25">Coles Tomatoes Greenhouse Truss | approx. 130g</h2><a class="product__link product__link__analytics css-0 e5c6fhg22" tabindex="-1" href="/product/coles-tomatoes-greenhouse-truss-approx.-130g-4628676"><h2 class="product__title" style="overflow:hidden;display:block">Coles Tomatoes Greenhouse Truss | approx. 130g</h2></a></div><div class="product__cta_section"><div class="product__pricing_area" data-testid="pricing"><section class="sc-8ee31a8b-0 gzRYHL product__pricing" data-testid="product_price"><div class="price"><span class="price__value" data-testid="product-pricing" aria-label="Price $0.46">$0.46</span><div class="sc-8ee31a8b-1 hMuHoF"></div></div><div class="sc-79c0c972-0 dbbkCW"><div class="price__calculation_method">$3.50/ 1kg</div></div><div class="price__calculation_additional_info"><span class="price__calculation_method__description">Final price is based on weight</span></div></section><div class="product__rating_area" data-testid="product-rating"><div data-bv-show="inline_rating" data-bv-product-id="4628676" data-bv-seo="false"></div></div><div class="product__availability_area" data-testid="product-availablity"></div></div><div data-testid="product-tile-cta-content" class="sc-dad300a8-0 hCZkYw"><div class="product__lists_cta_wrapper css-eyzank e5c6fhg7" data-testid="product-lists-cta-wrapper"><div class="css-fnf5lc e5c6fhg5"><div data-testid="add-to-cart" class="product__add_to_cart css-1d05ks6 emb2p810"><button data-testid="add-to-cart-button" aria-label="Add Coles Tomatoes Greenhouse Truss to the trolley" class="coles-targeting-ButtonButton button product-tiles-btn css-a6sib9 eqypkd90" data-rocket-comp="button"><span aria-hidden="false" class="coles-targeting-ButtonButtonChildContainer css-1eukx1d"><svg data-rocket-comp="IconCartAddOutline" focusable="false" xmlns="http://www.w3.org/2000/svg" width="24" height="24" viewBox="0 0 24 24"><g fill="none" fill-rule="evenodd"><path stroke="currentColor" stroke-linecap="round" stroke-linejoin="round" stroke-width="2" vector-effect="non-scaling-stroke" d="M8,22 C8.55228475,22 9,21.5522847 9,21 C9,20.4477153 8.55228475,20 8,20 C7.44771525,20 7,20.4477153 7,21 C7,21.5522847 7.44771525,22 8,22 Z M18,22 C18.5522847,22 19,21.5522847 19,21 C19,20.4477153 18.5522847,20 18,20 C17.4477153,20 17,20.4477153 17,21 C17,21.5522847 17.4477153,22 18,22 Z M2,3 L4.5,3 L6.68,14.39 C6.86873697,15.3402315 7.71138394,16.0185624 8.68,16 L17.4,16 C18.3686161,16.0185624 19.211263,15.3402315 19.4,14.39 L21,7 M13,12 L13,6 M10,9 L16,9"></path></g></svg>Add</span></button></div></div></div></div></div></section><section data-testid="product-tile" class="list-item css-4ilwn8 e5c6fhg8"><div><div class="css-1a59qno e5c6fhg26"><div class="sc-584f2ed2-0 eXcFun coles-targeting-ProductTileHat product-hat" data-testid="product-hat"></div></div></div><div tabindex="0" class="coles-targeting-ProductTileHeaderWrapper css-16n8xtn e5c6fhg12"><header class="product__header"><div class="coles-targeting-ProductTileImageWrapper css-79elbk e5c6fhg23"><div class="product__image_area"><a tabindex="-1" class="product__link product__image" aria-label="Coles Potatoes Sweet Gold | approx. 500g" href="/product/coles-potatoes-sweet-gold-approx.-500g-4199503"><span class="sc-51f151be-0 ivFUFh"><img alt="" data-testid="product-image" loading="lazy" width="200" height="200" decoding="async" data-nimg="1" style="color:transparent;height:auto;max-width:100%;max-height:100%" srcSet="/_next/image?url=https%3A%2F%2Fcdn.productimages.coles.com.au%2Fproductimages%2F4%2F4199503.jpg&amp;w=256&amp;q=90 1x, /_next/image?url=https%3A%2F%2Fcdn.productimages.coles.com.au%2Fproductimages%2F4%2F4199503.jpg&amp;w=640&amp;q=90 2x" src="/_next/image?url=https%3A%2F%2Fcdn.productimages.coles.com.au%2Fproductimages%2F4%2F4199503.jpg&amp;w=640&amp;q=90"/></span></a></div></div></header></div><div class="product__message-title_area"><h2 class="sr-only css-10oefb9 e5c6fhg25">Coles Potatoes Sweet Gold | approx. 500g</h2><a class="product__link product__link__analytics css-0 e5c6fhg22" tabindex="-1" href="/product/coles-potatoes-sweet-gold-approx.-500g-4199503"><h2 class="product__title" style="overflow:hidden;display:block">Coles Potatoes Sweet Gold | approx. 500g</h2></a></div><div class="product__cta_section"><div class="product__pricing_area" data-testid="pricing"><section class="sc-8ee31a8b-0 gzRYHL product__pricing" data-testid="product_price"><div class="price"><span class="price__value" data-testid="product-pricing" aria-label="Price $2.00">$2.00</span><div class="sc-8ee31a8b-1 hMuHoF"></div></div><div class="sc-79c0c972-0 dbbkCW"><div class="price__calculation_method">$4.00/ 1kg</div></div><div class="price__calculation_additional_info"><span class="price__calculation_method__description">Final price is based on weight</span></div></section><div class="product__rating_area" data-testid="product-rating"><div data-bv-show="inline_rating" data-bv-product-id="4199503" data-bv-seo="false"></div></div><div class="product__availability_area" data-testid="product-availablity"></div></div><div data-testid="product-tile-cta-content" class="sc-dad300a8-0 hCZkYw"><div class="product__lists_cta_wrapper css-eyzank e5c6fhg7" data-testid="product-lists-cta-wrapper"><div class="css-fnf5lc e5c6fhg5"><div data-testid="add-to-cart" class="product__add_to_cart css-1d05ks6 emb2p810"><button data-testid="add-to-cart-button" aria-label="Add Coles Potatoes Sweet Gold to the trolley" class="coles-targeting-ButtonButton button product-tiles-btn css-a6sib9 eqypkd90" data-rocket-comp="button"><span aria-hidden="false" class="coles-targeting-ButtonButtonChildContainer css-1eukx1d"><svg data-rocket-comp="IconCartAddOutline" focusable="false" xmlns="http://www.w3.org/2000/svg" width="24" height="24" viewBox="0 0 24 24"><g fill="none" fill-rule="evenodd"><path stroke="currentColor" stroke-linecap="round" stroke-linejoin="round" stroke-width="2" vector-effect="non-scaling-stroke" d="M8,22 C8.55228475,22 9,21.5522847 9,21 C9,20.4477153 8.55228475,20 8,20 C7.44771525,20 7,20.4477153 7,21 C7,21.5522847 7.44771525,22 8,22 Z M18,22 C18.5522847,22 19,21.5522847 19,21 C19,20.4477153 18.5522847,20 18,20 C17.4477153,20 17,20.4477153 17,21 C17,21.5522847 17.4477153,22 18,22 Z M2,3 L4.5,3 L6.68,14.39 C6.86873697,15.3402315 7.71138394,16.0185624 8.68,16 L17.4,16 C18.3686161,16.0185624 19.211263,15.3402315 19.4,14.39 L21,7 M13,12 L13,6 M10,9 L16,9"></path></g></svg>Add</span></button></div></div></div></div></div></section><section data-testid="product-tile" class="list-item css-4ilwn8 e5c6fhg8"><div><div class="css-1a59qno e5c6fhg26"><div class="sc-584f2ed2-0 eXcFun coles-targeting-ProductTileHat product-hat" data-testid="product-hat"></div></div></div><div tabindex="0" class="coles-targeting-ProductTileHeaderWrapper css-16n8xtn e5c6fhg12"><header class="product__header"><div class="coles-targeting-ProductTileImageWrapper css-79elbk e5c6fhg23"><div class="product__image_area"><a tabindex="-1" class="product__link product__image" aria-label="Coles Lebanese Cucumbers | approx. 160g" href="/product/coles-lebanese-cucumbers-approx.-160g-4575208"><span class="sc-51f151be-0 ivFUFh"><img alt="" data-testid="product-image" loading="lazy" width="200" height="200" decoding="async" data-nimg="1" style="color:transparent;height:auto;max-width:100%;max-height:100%" srcSet="/_next/image?url=https%3A%2F%2Fcdn.productimages.coles.com.au%2Fproductimages%2F4%2F4575208.jpg&amp;w=256&amp;q=90 1x, /_next/image?url=https%3A%2F%2Fcdn.productimages.coles.com.au%2Fproductimages%2F4%2F4575208.jpg&amp;w=640&amp;q=90 2x" src="/_next/image?url=https%3A%2F%2Fcdn.productimages.coles.com.au%2Fproductimages%2F4%2F4575208.jpg&amp;w=640&amp;q=90"/></span></a></div><span data-testid="simple-fixed-price-specials" class="product__badge css-7g8o32 eaeedhw0"><span class="roundel-text simple-fixed-price-specials"><span></span>SPECIAL<span></span></span></span></div></header></div><div class="product__message-title_area"><h2 class="sr-only css-10oefb9 e5c6fhg25">Coles Lebanese Cucumbers | approx. 160g</h2><a class="product__link product__link__analytics css-0 e5c6fhg22" tabindex="-1" href="/product/coles-lebanese-cucumbers-approx.-160g-4575208"><h2 class="product__title" style="overflow:hidden;display:block">Coles Lebanese Cucumbers | approx. 160g</h2></a></div><div class="product__cta_section"><div class="product__pricing_area" data-testid="pricing"><section class="sc-8ee31a8b-0 gzRYHL product__pricing" data-testid="product_price"><div class="price"><span class="price__value" data-testid="product-pricing" aria-label="Price $0.62">$0.62</span><div class="sc-8ee31a8b-1 hMuHoF"></div></div><div class="sc-79c0c972-0 dbbkCW"><div class="price__calculation_method">$3.90/ 1kg</div></div><div class="price__calculation_additional_info"><span class="price__calculation_method__description">Final price is based on weight</span></div></section><div class="product__rating_area" data-testid="product-rating"><div data-bv-show="inline_rating" data-bv-product-id="4575208" data-bv-seo="false"></div></div><div class="product__availability_area" data-testid="product-availablity"></div></div><div data-testid="product-tile-cta-content" class="sc-dad300a8-0 hCZkYw"><div class="product__lists_cta_wrapper css-eyzank e5c6fhg7" data-testid="product-lists-cta-wrapper"><div class="css-fnf5lc e5c6fhg5"><div data-testid="add-to-cart" class="product__add_to_cart css-1d05ks6 emb2p810"><button data-testid="add-to-cart-button" aria-label="Add Coles Lebanese Cucumbers to the trolley" class="coles-targeting-ButtonButton button product-tiles-btn css-a6sib9 eqypkd90" data-rocket-comp="button"><span aria-hidden="false" class="coles-targeting-ButtonButtonChildContainer css-1eukx1d"><svg data-rocket-comp="IconCartAddOutline" focusable="false" xmlns="http://www.w3.org/2000/svg" width="24" height="24" viewBox="0 0 24 24"><g fill="none" fill-rule="evenodd"><path stroke="currentColor" stroke-linecap="round" stroke-linejoin="round" stroke-width="2" vector-effect="non-scaling-stroke" d="M8,22 C8.55228475,22 9,21.5522847 9,21 C9,20.4477153 8.55228475,20 8,20 C7.44771525,20 7,20.4477153 7,21 C7,21.5522847 7.44771525,22 8,22 Z M18,22 C18.5522847,22 19,21.5522847 19,21 C19,20.4477153 18.5522847,20 18,20 C17.4477153,20 17,20.4477153 17,21 C17,21.5522847 17.4477153,22 18,22 Z M2,3 L4.5,3 L6.68,14.39 C6.86873697,15.3402315 7.71138394,16.0185624 8.68,16 L17.4,16 C18.3686161,16.0185624 19.211263,15.3402315 19.4,14.39 L21,7 M13,12 L13,6 M10,9 L16,9"></path></g></svg>Add</span></button></div></div></div></div></div></section><section data-testid="product-tile" class="list-item css-4ilwn8 e5c6fhg8"><div><div class="css-1a59qno e5c6fhg26"><div class="sc-584f2ed2-0 eXcFun coles-targeting-ProductTileHat product-hat" data-testid="product-hat"></div></div></div><div tabindex="0" class="coles-targeting-ProductTileHeaderWrapper css-16n8xtn e5c6fhg12"><header class="product__header"><div class="coles-targeting-ProductTileImageWrapper css-79elbk e5c6fhg23"><div class="product__image_area"><a tabindex="-1" class="product__link product__image" aria-label="Coles Cauliflower Medium | 1 Each" href="/product/coles-cauliflower-medium-1-each-4601603"><span class="sc-51f151be-0 ivFUFh"><img alt="" data-testid="product-image" loading="lazy" width="200" height="200" decoding="async" data-nimg="1" style="color:transparent;height:auto;max-width:100%;max-height:100%" srcSet="/_next/image?url=https%3A%2F%2Fcdn.productimages.coles.com.au%2Fproductimages%2F4%2F4601603.jpg&amp;w=256&amp;q=90 1x, /_next/image?url=https%3A%2F%2Fcdn.productimages.coles.com.au%2Fproductimages%2F4%2F4601603.jpg&amp;w=640&amp;q=90 2x" src="/_next/image?url=https%3A%2F%2Fcdn.productimages.coles.com.au%2Fproductimages%2F4%2F4601603.jpg&amp;w=640&amp;q=90"/></span></a></div></div></header></div><div class="product__message-title_area"><h2 class="sr-only css-10oefb9 e5c6fhg25">Coles Cauliflower Medium | 1 Each</h2><a class="product__link product__link__analytics css-0 e5c6fhg22" tabindex="-1" href="/product/coles-cauliflower-medium-1-each-4601603"><h2 class="product__title" style="overflow:hidden;display:block">Coles Cauliflower Medium | 1 Each</h2></a></div><div class="product__cta_section"><div class="product__pricing_area" data-testid="pricing"><section class="sc-8ee31a8b-0 gzRYHL product__pricing" data-testid="product_price"><div class="price"><span class="price__value" data-testid="product-pricing" aria-label="Price $5.90">$5.90</span><div class="sc-8ee31a8b-1 hMuHoF"></div></div><div class="sc-79c0c972-0 dbbkCW"><div class="price__calculation_method">$5.90/ 1ea</div></div><div class="price__calculation_additional_info"></div></section><div class="product__rating_area" data-testid="product-rating"><div data-bv-show="inline_rating" data-bv-product-id="4601603" data-bv-seo="false"></div></div><div class="product__availability_area" data-testid="product-availablity"></div></div><div data-testid="product-tile-cta-content" class="sc-dad300a8-0 hCZkYw"><div class="product__lists_cta_wrapper css-eyzank e5c6fhg7" data-testid="product-lists-cta-wrapper"><div class="css-fnf5lc e5c6fhg5"><div data-testid="add-to-cart" class="product__add_to_cart css-1d05ks6 emb2p810"><button data-testid="add-to-cart-button" aria-label="Add Coles Cauliflower Medium to the trolley" class="coles-targeting-ButtonButton button product-tiles-btn css-a6sib9 eqypkd90" data-rocket-comp="button"><span aria-hidden="false" class="coles-targeting-ButtonButtonChildContainer css-1eukx1d"><svg data-rocket-comp="IconCartAddOutline" focusable="false" xmlns="http://www.w3.org/2000/svg" width="24" height="24" viewBox="0 0 24 24"><g fill="none" fill-rule="evenodd"><path stroke="currentColor" stroke-linecap="round" stroke-linejoin="round" stroke-width="2" vector-effect="non-scaling-stroke" d="M8,22 C8.55228475,22 9,21.5522847 9,21 C9,20.4477153 8.55228475,20 8,20 C7.44771525,20 7,20.4477153 7,21 C7,21.5522847 7.44771525,22 8,22 Z M18,22 C18.5522847,22 19,21.5522847 19,21 C19,20.4477153 18.5522847,20 18,20 C17.4477153,20 17,20.4477153 17,21 C17,21.5522847 17.4477153,22 18,22 Z M2,3 L4.5,3 L6.68,14.39 C6.86873697,15.3402315 7.71138394,16.0185624 8.68,16 L17.4,16 C18.3686161,16.0185624 19.211263,15.3402315 19.4,14.39 L21,7 M13,12 L13,6 M10,9 L16,9"></path></g></svg>Add</span></button></div></div></div></div></div></section><section data-testid="product-tile" class="list-item css-4ilwn8 e5c6fhg8"><div><div class="css-1a59qno e5c6fhg26"><div class="sc-584f2ed2-0 eXcFun coles-targeting-ProductTileHat product-hat" data-testid="product-hat"></div></div></div><div tabindex="0" class="coles-targeting-ProductTileHeaderWrapper css-16n8xtn e5c6fhg12"><header class="product__header"><div class="coles-targeting-ProductTileImageWrapper css-79elbk e5c6fhg23"><div class="product__image_area"><a tabindex="-1" class="product__link product__image" aria-label="Coles Fresh Loose Cup Mushrooms | approx. 200g" href="/product/coles-fresh-loose-cup-mushrooms-approx.-200g-4594010"><span class="sc-51f151be-0 ivFUFh"><img alt="" data-testid="product-image" loading="lazy" width="200" height="200" decoding="async" data-nimg="1" style="color:transparent;height:auto;max-width:100%;max-height:100%" srcSet="/_next/image?url=https%3A%2F%2Fcdn.productimages.coles.com.au%2Fproductimages%2F4%2F4594010.jpg&amp;w=256&amp;q=90 1x, /_next/image?url=https%3A%2F%2Fcdn.productimages.coles.com.au%2Fproductimages%2F4%2F4594010.jpg&amp;w=640&amp;q=90 2x" src="/_next/image?url=https%3A%2F%2Fcdn.productimages.coles.com.au%2Fproductimages%2F4%2F4594010.jpg&amp;w=640&amp;q=90"/></span></a></div></div></header></div><div class="product__message-title_area"><h2 class="sr-only css-10oefb9 e5c6fhg25">Coles Fresh Loose Cup Mushrooms | approx. 200g</h2><a class="product__link product__link__analytics css-0 e5c6fhg22" tabindex="-1" href="/product/coles-fresh-loose-cup-mushrooms-approx.-200g-4594010"><h2 class="product__title" style="overflow:hidden;display:block">Coles Fresh Loose Cup Mushrooms | approx. 200g</h2></a></div><div class="product__cta_section"><div class="product__pricing_area" data-testid="pricing"><section class="sc-8ee31a8b-0 gzRYHL product__pricing" data-testid="product_price"><div class="price"><span class="price__value" data-testid="product-pricing" aria-label="Price $2.50">$2.50</span><div class="sc-8ee31a8b-1 hMuHoF"></div></div><div class="sc-79c0c972-0 dbbkCW"><div class="price__calculation_method">$12.50/ 1kg</div></div><div class="price__calculation_additional_info"><span class="price__calculation_method__description">Final price is based on weight</span></div></section><div class="product__rating_area" data-testid="product-rating"><div data-bv-show="inline_rating" data-bv-product-id="4594010" data-bv-seo="false"></div></div><div class="product__availability_area" data-testid="product-availablity"></div></div><div data-testid="product-tile-cta-content" class="sc-dad300a8-0 hCZkYw"><div class="product__lists_cta_wrapper css-eyzank e5c6fhg7" data-testid="product-lists-cta-wrapper"><div class="css-fnf5lc e5c6fhg5"><div data-testid="add-to-cart" class="product__add_to_cart css-1d05ks6 emb2p810"><button data-testid="add-to-cart-button" aria-label="Add Coles Fresh Loose Cup Mushrooms to the trolley" class="coles-targeting-ButtonButton button product-tiles-btn css-a6sib9 eqypkd90" data-rocket-comp="button"><span aria-hidden="false" class="coles-targeting-ButtonButtonChildContainer css-1eukx1d"><svg data-rocket-comp="IconCartAddOutline" focusable="false" xmlns="http://www.w3.org/2000/svg" width="24" height="24" viewBox="0 0 24 24"><g fill="none" fill-rule="evenodd"><path stroke="currentColor" stroke-linecap="round" stroke-linejoin="round" stroke-width="2" vector-effect="non-scaling-stroke" d="M8,22 C8.55228475,22 9,21.5522847 9,21 C9,20.4477153 8.55228475,20 8,20 C7.44771525,20 7,20.4477153 7,21 C7,21.5522847 7.44771525,22 8,22 Z M18,22 C18.5522847,22 19,21.5522847 19,21 C19,20.4477153 18.5522847,20 18,20 C17.4477153,20 17,20.4477153 17,21 C17,21.5522847 17.4477153,22 18,22 Z M2,3 L4.5,3 L6.68,14.39 C6.86873697,15.3402315 7.71138394,16.0185624 8.68,16 L17.4,16 C18.3686161,16.0185624 19.211263,15.3402315 19.4,14.39 L21,7 M13,12 L13,6 M10,9 L16,9"></path></g></svg>Add</span></button></div></div></div></div></div></section><section data-testid="product-tile" class="list-item css-4ilwn8 e5c6fhg8"><div><div class="css-1a59qno e5c6fhg26"><div class="sc-584f2ed2-0 eXcFun coles-targeting-ProductTileHat product-hat" data-testid="product-hat"></div></div></div><div tabindex="0" class="coles-targeting-ProductTileHeaderWrapper css-16n8xtn e5c6fhg12"><header class="product__header"><div class="coles-targeting-ProductTileImageWrapper css-79elbk e5c6fhg23"><div class="product__image_area"><a tabindex="-1" class="product__link product__image" aria-label="Coles Cherry Tomatoes | 250g" href="/product/coles-cherry-tomatoes-250g-4834736"><span class="sc-51f151be-0 ivFUFh"><img alt="" data-testid="product-image" loading="lazy" width="200" height="200" decoding="async" data-nimg="1" style="color:transparent;height:auto;max-width:100%;max-height:100%" srcSet="/_next/image?url=https%3A%2F%2Fcdn.productimages.coles.com.au%2Fproductimages%2F4%2F4834736.jpg&amp;w=256&amp;q=90 1x, /_next/image?url=https%3A%2F%2Fcdn.productimages.coles.com.au%2Fproductimages%2F4%2F4834736.jpg&amp;w=640&amp;q=90 2x" src="/_next/image?url=https%3A%2F%2Fcdn.productimages.coles.com.au%2Fproductimages%2F4%2F4834736.jpg&amp;w=640&amp;q=90"/></span></a></div></div></header></div><div class="product__message-title_area"><h2 class="sr-only css-10oefb9 e5c6fhg25">Coles Cherry Tomatoes | 250g</h2><a class="product__link product__link__analytics css-0 e5c6fhg22" tabindex="-1" href="/product/coles-cherry-tomatoes-250g-4834736"><h2 class="product__title" style="overflow:hidden;display:block">Coles Cherry Tomatoes | 250g</h2></a></div><div class="product__cta_section"><div class="product__pricing_area" data-testid="pricing"><section class="sc-8ee31a8b-0 gzRYHL product__pricing" data-testid="product_price"><div class="price"><span class="price__value" data-testid="product-pricing" aria-label="Price $3.00">$3.00</span><div class="sc-8ee31a8b-1 hMuHoF"></div></div><div class="sc-79c0c972-0 dbbkCW"><div class="price__calculation_method">$12.00/ 1kg</div></div><div class="price__calculation_additional_info"></div></section><div class="product__rating_area" data-testid="product-rating"><div data-bv-show="inline_rating" data-bv-product-id="4834736" data-bv-seo="false"></div></div><div class="product__availability_area" data-testid="product-availablity"></div></div><div data-testid="product-tile-cta-content" class="sc-dad300a8-0 hCZkYw"><div class="product__lists_cta_wrapper css-eyzank e5c6fhg7" data-testid="product-lists-cta-wrapper"><div class="css-fnf5lc e5c6fhg5"><div data-testid="add-to-cart" class="product__add_to_cart css-1d05ks6 emb2p810"><button data-testid="add-to-cart-button" aria-label="Add Coles Cherry Tomatoes to the trolley" class="coles-targeting-ButtonButton button product-tiles-btn css-a6sib9 eqypkd90" data-rocket-comp="button"><span aria-hidden="false" class="coles-targeting-ButtonButtonChildContainer css-1eukx1d"><svg data-rocket-comp="IconCartAddOutline" focusable="false" xmlns="http://www.w3.org/2000/svg" width="24" height="24" viewBox="0 0 24 24"><g fill="none" fill-rule="evenodd"><path stroke="currentColor" stroke-linecap="round" stroke-linejoin="round" stroke-width="2" vector-effect="non-scaling-stroke" d="M8,22 C8.55228475,22 9,21.5522847 9,21 C9,20.4477153 8.55228475,20 8,20 C7.44771525,20 7,20.4477153 7,21 C7,21.5522847 7.44771525,22 8,22 Z M18,22 C18.5522847,22 19,21.5522847 19,21 C19,20.4477153 18.5522847,20 18,20 C17.4477153,20 17,20.4477153 17,21 C17,21.5522847 17.4477153,22 18,22 Z M2,3 L4.5,3 L6.68,14.39 C6.86873697,15.3402315 7.71138394,16.0185624 8.68,16 L17.4,16 C18.3686161,16.0185624 19.211263,15.3402315 19.4,14.39 L21,7 M13,12 L13,6 M10,9 L16,9"></path></g></svg>Add</span></button></div></div></div></div></div></section><section data-testid="product-tile" class="list-item css-4ilwn8 e5c6fhg8"><div><div class="css-1a59qno e5c6fhg26"><div class="sc-584f2ed2-0 eXcFun coles-targeting-ProductTileHat product-hat" data-testid="product-hat"></div></div></div><div tabindex="0" class="coles-targeting-ProductTileHeaderWrapper css-16n8xtn e5c6fhg12"><header class="product__header"><div class="coles-targeting-ProductTileImageWrapper css-79elbk e5c6fhg23"><div class="product__image_area"><a tabindex="-1" class="product__link product__image" aria-label="Coles Brown Onions | 1kg" href="/product/coles-brown-onions-1kg-4803991"><span class="sc-51f151be-0 ivFUFh"><img alt="" data-testid="product-image" loading="lazy" width="200" height="200" decoding="async" data-nimg="1" style="color:transparent;height:auto;max-width:100%;max-height:100%" srcSet="/_next/image?url=https%3A%2F%2Fcdn.productimages.coles.com.au%2Fproductimages%2F4%2F4803991.jpg&amp;w=256&amp;q=90 1x, /_next/image?url=https%3A%2F%2Fcdn.productimages.coles.com.au%2Fproductimages%2F4%2F4803991.jpg&amp;w=640&amp;q=90 2x" src="/_next/image?url=https%3A%2F%2Fcdn.productimages.coles.com.au%2Fproductimages%2F4%2F4803991.jpg&amp;w=640&amp;q=90"/></span></a></div></div></header></div><div class="product__message-title_area"><h2 class="sr-only css-10oefb9 e5c6fhg25">Coles Brown Onions | 1kg</h2><a class="product__link product__link__analytics css-0 e5c6fhg22" tabindex="-1" href="/product/coles-brown-onions-1kg-4803991"><h2 class="product__title" style="overflow:hidden;display:block">Coles Brown Onions | 1kg</h2></a></div><div class="product__cta_section"><div class="product__pricing_area" data-testid="pricing"><section class="sc-8ee31a8b-0 gzRYHL product__pricing" data-testid="product_price"><div class="price"><span class="price__value" data-testid="product-pricing" aria-label="Price $2.90">$2.90</span><div class="sc-8ee31a8b-1 hMuHoF"></div></div><div class="sc-79c0c972-0 dbbkCW"><div class="price__calculation_method">$2.90/ 1kg</div></div><div class="price__calculation_additional_info"></div></section><div class="product__rating_area" data-testid="product-rating"><div data-bv-show="inline_rating" data-bv-product-id="4803991" data-bv-seo="false"></div></div><div class="product__availability_area" data-testid="product-availablity"></div></div><div data-testid="product-tile-cta-content" class="sc-dad300a8-0 hCZkYw"><div class="product__lists_cta_wrapper css-eyzank e5c6fhg7" data-testid="product-lists-cta-wrapper"><div class="css-fnf5lc e5c6fhg5"><div data-testid="add-to-cart" class="product__add_to_cart css-1d05ks6 emb2p810"><button data-testid="add-to-cart-button" aria-label="Add Coles Brown Onions to the trolley" class="coles-targeting-ButtonButton button product-tiles-btn css-a6sib9 eqypkd90" data-rocket-comp="button"><span aria-hidden="false" class="coles-targeting-ButtonButtonChildContainer css-1eukx1d"><svg data-rocket-comp="IconCartAddOutline" focusable="false" xmlns="http://www.w3.org/2000/svg" width="24" height="24" viewBox="0 0 24 24"><g fill="none" fill-rule="evenodd"><path stroke="currentColor" stroke-linecap="round" stroke-linejoin="round" stroke-width="2" vector-effect="non-scaling-stroke" d="M8,22 C8.55228475,22 9,21.5522847 9,21 C9,20.4477153 8.55228475,20 8,20 C7.44771525,20 7,20.4477153 7,21 C7,21.5522847 7.44771525,22 8,22 Z M18,22 C18.5522847,22 19,21.5522847 19,21 C19,20.4477153 18.5522847,20 18,20 C17.4477153,20 17,20.4477153 17,21 C17,21.5522847 17.4477153,22 18,22 Z M2,3 L4.5,3 L6.68,14.39 C6.86873697,15.3402315 7.71138394,16.0185624 8.68,16 L17.4,16 C18.3686161,16.0185624 19.211263,15.3402315 19.4,14.39 L21,7 M13,12 L13,6 M10,9 L16,9"></path></g></svg>Add</span></button></div></div></div></div></div></section><section data-testid="product-tile" class="list-item css-4ilwn8 e5c6fhg8"><div><div class="css-1a59qno e5c6fhg26"><div class="sc-584f2ed2-0 eXcFun coles-targeting-ProductTileHat product-hat" data-testid="product-hat"></div></div></div><div tabindex="0" class="coles-targeting-ProductTileHeaderWrapper css-16n8xtn e5c6fhg12"><header class="product__header"><div class="coles-targeting-ProductTileImageWrapper css-79elbk e5c6fhg23"><div class="product__image_area"><a tabindex="-1" class="product__link product__image" aria-label="Coles Kent Pumpkin Cut | approx. 800g" href="/product/coles-kent-pumpkin-cut-approx.-800g-4202540"><span class="sc-51f151be-0 ivFUFh"><img alt="" data-testid="product-image" loading="lazy" width="200" height="200" decoding="async" data-nimg="1" style="color:transparent;height:auto;max-width:100%;max-height:100%" srcSet="/_next/image?url=https%3A%2F%2Fcdn.productimages.coles.com.au%2Fproductimages%2F4%2F4202540.jpg&amp;w=256&amp;q=90 1x, /_next/image?url=https%3A%2F%2Fcdn.productimages.coles.com.au%2Fproductimages%2F4%2F4202540.jpg&amp;w=640&amp;q=90 2x" src="/_next/image?url=https%3A%2F%2Fcdn.productimages.coles.com.au%2Fproductimages%2F4%2F4202540.jpg&amp;w=640&amp;q=90"/></span></a></div></div></header></div><div class="product__message-title_area"><h2 class="sr-only css-10oefb9 e5c6fhg25">Coles Kent Pumpkin Cut | approx. 800g</h2><a class="product__link product__link__analytics css-0 e5c6fhg22" tabindex="-1" href="/product/coles-kent-pumpkin-cut-approx.-800g-4202540"><h2 class="product__title" style="overflow:hidden;display:block">Coles Kent Pumpkin Cut | approx. 800g</h2></a></div><div class="product__cta_section"><div class="product__pricing_area" data-testid="pricing"><section class="sc-8ee31a8b-0 gzRYHL product__pricing" data-testid="product_price"><div class="price"><span class="price__value" data-testid="product-pricing" aria-label="Price $2.80">$2.80</span><div class="sc-8ee31a8b-1 hMuHoF"></div></div><div class="sc-79c0c972-0 dbbkCW"><div class="price__calculation_method">$3.50/ 1kg</div></div><div class="price__calculation_additional_info"><span class="price__calculation_method__description">Final price is based on weight</span></div></section><div class="product__rating_area" data-testid="product-rating"><div data-bv-show="inline_rating" data-bv-product-id="4202540" data-bv-seo="false"></div></div><div class="product__availability_area" data-testid="product-availablity"></div></div><div data-testid="product-tile-cta-content" class="sc-dad300a8-0 hCZkYw"><div class="product__lists_cta_wrapper css-eyzank e5c6fhg7" data-testid="product-lists-cta-wrapper"><div class="css-fnf5lc e5c6fhg5"><div data-testid="add-to-cart" class="product__add_to_cart css-1d05ks6 emb2p810"><button data-testid="add-to-cart-button" aria-label="Add Coles Kent Pumpkin Cut to the trolley" class="coles-targeting-ButtonButton button product-tiles-btn css-a6sib9 eqypkd90" data-rocket-comp="button"><span aria-hidden="false" class="coles-targeting-ButtonButtonChildContainer css-1eukx1d"><svg data-rocket-comp="IconCartAddOutline" focusable="false" xmlns="http://www.w3.org/2000/svg" width="24" height="24" viewBox="0 0 24 24"><g fill="none" fill-rule="evenodd"><path stroke="currentColor" stroke-linecap="round" stroke-linejoin="round" stroke-width="2" vector-effect="non-scaling-stroke" d="M8,22 C8.55228475,22 9,21.5522847 9,21 C9,20.4477153 8.55228475,20 8,20 C7.44771525,20 7,20.4477153 7,21 C7,21.5522847 7.44771525,22 8,22 Z M18,22 C18.5522847,22 19,21.5522847 19,21 C19,20.4477153 18.5522847,20 18,20 C17.4477153,20 17,20.4477153 17,21 C17,21.5522847 17.4477153,22 18,22 Z M2,3 L4.5,3 L6.68,14.39 C6.86873697,15.3402315 7.71138394,16.0185624 8.68,16 L17.4,16 C18.3686161,16.0185624 19.211263,15.3402315 19.4,14.39 L21,7 M13,12 L13,6 M10,9 L16,9"></path></g></svg>Add</span></button></div></div></div></div></div></section><section data-testid="product-tile" class="list-item css-4ilwn8 e5c6fhg8"><div><div class="css-1a59qno e5c6fhg26"><div class="sc-584f2ed2-0 eXcFun coles-targeting-ProductTileHat product-hat" data-testid="product-hat"></div></div></div><div tabindex="0" class="coles-targeting-ProductTileHeaderWrapper css-16n8xtn e5c6fhg12"><header class="product__header"><div class="coles-targeting-ProductTileImageWrapper css-79elbk e5c6fhg23"><div class="product__image_area"><a tabindex="-1" class="product__link product__image" aria-label="Coles Onions Red Local | approx. 200g" href="/product/coles-onions-red-local-approx.-200g-4218459"><span class="sc-51f151be-0 ivFUFh"><img alt="" data-testid="product-image" loading="lazy" width="200" height="200" decoding="async" data-nimg="1" style="color:transparent;height:auto;max-width:100%;max-height:100%" srcSet="/_next/image?url=https%3A%2F%2Fcdn.productimages.coles.com.au%2Fproductimages%2F4%2F4218459.jpg&amp;w=256&amp;q=90 1x, /_next/image?url=https%3A%2F%2Fcdn.productimages.coles.com.au%2Fproductimages%2F4%2F4218459.jpg&amp;w=640&amp;q=90 2x" src="/_next/image?url=https%3A%2F%2Fcdn.productimages.coles.com.au%2Fproductimages%2F4%2F4218459.jpg&amp;w=640&amp;q=90"/></span></a></div></div></header></div><div class="product__message-title_area"><h2 class="sr-only css-10oefb9 e5c6fhg25">Coles Onions Red Local | approx. 200g</h2><a class="product__link product__link__analytics css-0 e5c6fhg22" tabindex="-1" href="/product/coles-onions-red-local-approx.-200g-4218459"><h2 class="product__title" style="overflow:hidden;display:block">Coles Onions Red Local | approx. 200g</h2></a></div><div class="product__cta_section"><div class="product__pricing_area" data-testid="pricing"><section class="sc-8ee31a8b-0 gzRYHL product__pricing" data-testid="product_price"><div class="price"><span class="price__value" data-testid="product-pricing" aria-label="Price $1.10">$1.10</span><div class="sc-8ee31a8b-1 hMuHoF"></div></div><div class="sc-79c0c972-0 dbbkCW"><div class="price__calculation_method">$5.50/ 1kg</div></div><div class="price__calculation_additional_info"><span class="price__calculation_method__description">Final price is based on weight</span></div></section><div class="product__rating_area" data-testid="product-rating"><div data-bv-show="inline_rating" data-bv-product-id="4218459" data-bv-seo="false"></div></div><div class="product__availability_area" data-testid="product-availablity"></div></div><div data-testid="product-tile-cta-content" class="sc-dad300a8-0 hCZkYw"><div class="product__lists_cta_wrapper css-eyzank e5c6fhg7" data-testid="product-lists-cta-wrapper"><div class="css-fnf5lc e5c6fhg5"><div data-testid="add-to-cart" class="product__add_to_cart css-1d05ks6 emb2p810"><button data-testid="add-to-cart-button" aria-label="Add Coles Onions Red Local to the trolley" class="coles-targeting-ButtonButton button product-tiles-btn css-a6sib9 eqypkd90" data-rocket-comp="button"><span aria-hidden="false" class="coles-targeting-ButtonButtonChildContainer css-1eukx1d"><svg data-rocket-comp="IconCartAddOutline" focusable="false" xmlns="http://www.w3.org/2000/svg" width="24" height="24" viewBox="0 0 24 24"><g fill="none" fill-rule="evenodd"><path stroke="currentColor" stroke-linecap="round" stroke-linejoin="round" stroke-width="2" vector-effect="non-scaling-stroke" d="M8,22 C8.55228475,22 9,21.5522847 9,21 C9,20.4477153 8.55228475,20 8,20 C7.44771525,20 7,20.4477153 7,21 C7,21.5522847 7.44771525,22 8,22 Z M18,22 C18.5522847,22 19,21.5522847 19,21 C19,20.4477153 18.5522847,20 18,20 C17.4477153,20 17,20.4477153 17,21 C17,21.5522847 17.4477153,22 18,22 Z M2,3 L4.5,3 L6.68,14.39 C6.86873697,15.3402315 7.71138394,16.0185624 8.68,16 L17.4,16 C18.3686161,16.0185624 19.211263,15.3402315 19.4,14.39 L21,7 M13,12 L13,6 M10,9 L16,9"></path></g></svg>Add</span></button></div></div></div></div></div></section><section data-testid="product-tile" class="list-item css-4ilwn8 e5c6fhg8"><div><div class="css-1a59qno e5c6fhg26"><div class="sc-584f2ed2-0 eXcFun coles-targeting-ProductTileHat product-hat" data-testid="product-hat"></div></div></div><div tabindex="0" class="coles-targeting-ProductTileHeaderWrapper css-16n8xtn e5c6fhg12"><header class="product__header"><div class="coles-targeting-ProductTileImageWrapper css-79elbk e5c6fhg23"><div class="product__image_area"><a tabindex="-1" class="product__link product__image" aria-label="Coles Spring Onions | 1 Bunch" href="/product/coles-spring-onions-1-bunch-408419"><span class="sc-51f151be-0 ivFUFh"><img alt="" data-testid="product-image" loading="lazy" width="200" height="200" decoding="async" data-nimg="1" style="color:transparent;height:auto;max-width:100%;max-height:100%" srcSet="/_next/image?url=https%3A%2F%2Fcdn.productimages.coles.com.au%2Fproductimages%2F4%2F408419.jpg&amp;w=256&amp;q=90 1x, /_next/image?url=https%3A%2F%2Fcdn.productimages.coles.com.au%2Fproductimages%2F4%2F408419.jpg&amp;w=640&amp;q=90 2x" src="/_next/image?url=https%3A%2F%2Fcdn.productimages.coles.com.au%2Fproductimages%2F4%2F408419.jpg&amp;w=640&amp;q=90"/></span></a></div></div></header></div><div class="product__message-title_area"><h2 class="sr-only css-10oefb9 e5c6fhg25">Coles Spring Onions | 1 Bunch</h2><a class="product__link product__link__analytics css-0 e5c6fhg22" tabindex="-1" href="/product/coles-spring-onions-1-bunch-408419"><h2 class="product__title" style="overflow:hidden;display:block">Coles Spring Onions | 1 Bunch</h2></a></div><div class="product__cta_section"><div class="product__pricing_area" data-testid="pricing"><section class="sc-8ee31a8b-0 gzRYHL product__pricing" data-testid="product_price"><div class="price"><span class="price__value" data-testid="product-pricing" aria-label="Price $2.90">$2.90</span><div class="sc-8ee31a8b-1 hMuHoF"></div></div><div class="sc-79c0c972-0 dbbkCW"><div class="price__calculation_method">$2.90/ 1ea</div></div><div class="price__calculation_additional_info"></div></section><div class="product__rating_area" data-testid="product-rating"><div data-bv-show="inline_rating" data-bv-product-id="408419" data-bv-seo="false"></div></div><div class="product__availability_area" data-testid="product-availablity"></div></div><div data-testid="product-tile-cta-content" class="sc-dad300a8-0 hCZkYw"><div class="product__lists_cta_wrapper css-eyzank e5c6fhg7" data-testid="product-lists-cta-wrapper"><div class="css-fnf5lc e5c6fhg5"><div data-testid="add-to-cart" class="product__add_to_cart css-1d05ks6 emb2p810"><button data-testid="add-to-cart-button" aria-label="Add Coles Spring Onions to the trolley" class="coles-targeting-ButtonButton button product-tiles-btn css-a6sib9 eqypkd90" data-rocket-comp="button"><span aria-hidden="false" class="coles-targeting-ButtonButtonChildContainer css-1eukx1d"><svg data-rocket-comp="IconCartAddOutline" focusable="false" xmlns="http://www.w3.org/2000/svg" width="24" height="24" viewBox="0 0 24 24"><g fill="none" fill-rule="evenodd"><path stroke="currentColor" stroke-linecap="round" stroke-linejoin="round" stroke-width="2" vector-effect="non-scaling-stroke" d="M8,22 C8.55228475,22 9,21.5522847 9,21 C9,20.4477153 8.55228475,20 8,20 C7.44771525,20 7,20.4477153 7,21 C7,21.5522847 7.44771525,22 8,22 Z M18,22 C18.5522847,22 19,21.5522847 19,21 C19,20.4477153 18.5522847,20 18,20 C17.4477153,20 17,20.4477153 17,21 C17,21.5522847 17.4477153,22 18,22 Z M2,3 L4.5,3 L6.68,14.39 C6.86873697,15.3402315 7.71138394,16.0185624 8.68,16 L17.4,16 C18.3686161,16.0185624 19.211263,15.3402315 19.4,14.39 L21,7 M13,12 L13,6 M10,9 L16,9"></path></g></svg>Add</span></button></div></div></div></div></div></section><section data-testid="product-tile" class="list-item css-4ilwn8 e5c6fhg8"><div><div class="css-1a59qno e5c6fhg26"><div class="sc-584f2ed2-0 eXcFun coles-targeting-ProductTileHat product-hat" data-testid="product-hat"></div></div></div><div tabindex="0" class="coles-targeting-ProductTileHeaderWrapper css-16n8xtn e5c6fhg12"><header class="product__header"><div class="coles-targeting-ProductTileImageWrapper css-79elbk e5c6fhg23"><div class="product__image_area"><a tabindex="-1" class="product__link product__image" aria-label="Coles Sweet Corn | 1 Each" href="/product/coles-sweet-corn-1-each-4562603"><span class="sc-51f151be-0 ivFUFh"><img alt="" data-testid="product-image" loading="lazy" width="200" height="200" decoding="async" data-nimg="1" style="color:transparent;height:auto;max-width:100%;max-height:100%" srcSet="/_next/image?url=https%3A%2F%2Fcdn.productimages.coles.com.au%2Fproductimages%2F4%2F4562603.jpg&amp;w=256&amp;q=90 1x, /_next/image?url=https%3A%2F%2Fcdn.productimages.coles.com.au%2Fproductimages%2F4%2F4562603.jpg&amp;w=640&amp;q=90 2x" src="/_next/image?url=https%3A%2F%2Fcdn.productimages.coles.com.au%2Fproductimages%2F4%2F4562603.jpg&amp;w=640&amp;q=90"/></span></a></div><span data-testid="simple-fixed-price-specials" class="product__badge css-7g8o32 eaeedhw0"><span class="roundel-text simple-fixed-price-specials"><span></span>SPECIAL<span></span></span></span></div></header></div><div class="product__message-title_area"><h2 class="sr-only css-10oefb9 e5c6fhg25">Coles Sweet Corn | 1 Each</h2><a class="product__link product__link__analytics css-0 e5c6fhg22" tabindex="-1" href="/product/coles-sweet-corn-1-each-4562603"><h2 class="product__title" style="overflow:hidden;display:block">Coles Sweet Corn | 1 Each</h2></a></div><div class="product__cta_section"><div class="product__pricing_area" data-testid="pricing"><section class="sc-8ee31a8b-0 gzRYHL product__pricing" data-testid="product_price"><div class="price"><span class="price__value" data-testid="product-pricing" aria-label="Price $1.00">$1.00</span><div class="sc-8ee31a8b-1 hMuHoF"></div></div><div class="sc-79c0c972-0 dbbkCW"><div class="price__calculation_method">$1.00/ 1ea</div></div><div class="price__calculation_additional_info"></div></section><div class="product__rating_area" data-testid="product-rating"><div data-bv-show="inline_rating" data-bv-product-id="4562603" data-bv-seo="false"></div></div><div class="product__availability_area" data-testid="product-availablity"></div></div><div data-testid="product-tile-cta-content" class="sc-dad300a8-0 hCZkYw"><div class="product__lists_cta_wrapper css-eyzank e5c6fhg7" data-testid="product-lists-cta-wrapper"><div class="css-fnf5lc e5c6fhg5"><div data-testid="add-to-cart" class="product__add_to_cart css-1d05ks6 emb2p810"><button data-testid="add-to-cart-button" aria-label="Add Coles Sweet Corn to the trolley" class="coles-targeting-ButtonButton button product-tiles-btn css-a6sib9 eqypkd90" data-rocket-comp="button"><span aria-hidden="false" class="coles-targeting-ButtonButtonChildContainer css-1eukx1d"><svg data-rocket-comp="IconCartAddOutline" focusable="false" xmlns="http://www.w3.org/2000/svg" width="24" height="24" viewBox="0 0 24 24"><g fill="none" fill-rule="evenodd"><path stroke="currentColor" stroke-linecap="round" stroke-linejoin="round" stroke-width="2" vector-effect="non-scaling-stroke" d="M8,22 C8.55228475,22 9,21.5522847 9,21 C9,20.4477153 8.55228475,20 8,20 C7.44771525,20 7,20.4477153 7,21 C7,21.5522847 7.44771525,22 8,22 Z M18,22 C18.5522847,22 19,21.5522847 19,21 C19,20.4477153 18.5522847,20 18,20 C17.4477153,20 17,20.4477153 17,21 C17,21.5522847 17.4477153,22 18,22 Z M2,3 L4.5,3 L6.68,14.39 C6.86873697,15.3402315 7.71138394,16.0185624 8.68,16 L17.4,16 C18.3686161,16.0185624 19.211263,15.3402315 19.4,14.39 L21,7 M13,12 L13,6 M10,9 L16,9"></path></g></svg>Add</span></button></div></div></div></div></div></section><section data-testid="product-tile" class="list-item css-4ilwn8 e5c6fhg8"><div><div class="css-1a59qno e5c6fhg26"><div class="sc-584f2ed2-0 eXcFun coles-targeting-ProductTileHat product-hat" data-testid="product-hat"></div></div></div><div tabindex="0" class="coles-targeting-ProductTileHeaderWrapper css-16n8xtn e5c6fhg12"><header class="product__header"><div class="coles-targeting-ProductTileImageWrapper css-79elbk e5c6fhg23"><div class="product__image_area"><a tabindex="-1" class="product__link product__image" aria-label="Coles Green Asparagus | 1 each" href="/product/coles-green-asparagus-1-each-4838737"><span class="sc-51f151be-0 ivFUFh"><img alt="" data-testid="product-image" loading="lazy" width="200" height="200" decoding="async" data-nimg="1" style="color:transparent;height:auto;max-width:100%;max-height:100%" srcSet="/_next/image?url=https%3A%2F%2Fcdn.productimages.coles.com.au%2Fproductimages%2F4%2F4838737.jpg&amp;w=256&amp;q=90 1x, /_next/image?url=https%3A%2F%2Fcdn.productimages.coles.com.au%2Fproductimages%2F4%2F4838737.jpg&amp;w=640&amp;q=90 2x" src="/_next/image?url=https%3A%2F%2Fcdn.productimages.coles.com.au%2Fproductimages%2F4%2F4838737.jpg&amp;w=640&amp;q=90"/></span></a></div></div></header></div><div class="product__message-title_area"><h2 class="sr-only css-10oefb9 e5c6fhg25">Coles Green Asparagus | 1 each</h2><a class="product__link product__link__analytics css-0 e5c6fhg22" tabindex="-1" href="/product/coles-green-asparagus-1-each-4838737"><h2 class="product__title" style="overflow:hidden;display:block">Coles Green Asparagus | 1 each</h2></a></div><div class="product__cta_section"><div class="product__pricing_area" data-testid="pricing"><section class="sc-8ee31a8b-0 gzRYHL product__pricing" data-testid="product_price"><div class="price"><span class="price__value" data-testid="product-pricing" aria-label="Price $4.50">$4.50</span><div class="sc-8ee31a8b-1 hMuHoF"></div></div><div class="sc-79c0c972-0 dbbkCW"><div class="price__calculation_method">$4.50/ 1ea</div></div><div class="price__calculation_additional_info"></div></section><div class="product__rating_area" data-testid="product-rating"><div data-bv-show="inline_rating" data-bv-product-id="4838737" data-bv-seo="false"></div></div><div class="product__availability_area" data-testid="product-availablity"></div></div><div data-testid="product-tile-cta-content" class="sc-dad300a8-0 hCZkYw"><div class="product__lists_cta_wrapper css-eyzank e5c6fhg7" data-testid="product-lists-cta-wrapper"><div class="css-fnf5lc e5c6fhg5"><div data-testid="add-to-cart" class="product__add_to_cart css-1d05ks6 emb2p810"><button data-testid="add-to-cart-button" aria-label="Add Coles Green Asparagus to the trolley" class="coles-targeting-ButtonButton button product-tiles-btn css-a6sib9 eqypkd90" data-rocket-comp="button"><span aria-hidden="false" class="coles-targeting-ButtonButtonChildContainer css-1eukx1d"><svg data-rocket-comp="IconCartAddOutline" focusable="false" xmlns="http://www.w3.org/2000/svg" width="24" height="24" viewBox="0 0 24 24"><g fill="none" fill-rule="evenodd"><path stroke="currentColor" stroke-linecap="round" stroke-linejoin="round" stroke-width="2" vector-effect="non-scaling-stroke" d="M8,22 C8.55228475,22 9,21.5522847 9,21 C9,20.4477153 8.55228475,20 8,20 C7.44771525,20 7,20.4477153 7,21 C7,21.5522847 7.44771525,22 8,22 Z M18,22 C18.5522847,22 19,21.5522847 19,21 C19,20.4477153 18.5522847,20 18,20 C17.4477153,20 17,20.4477153 17,21 C17,21.5522847 17.4477153,22 18,22 Z M2,3 L4.5,3 L6.68,14.39 C6.86873697,15.3402315 7.71138394,16.0185624 8.68,16 L17.4,16 C18.3686161,16.0185624 19.211263,15.3402315 19.4,14.39 L21,7 M13,12 L13,6 M10,9 L16,9"></path></g></svg>Add</span></button></div></div></div></div></div></section><section data-testid="product-tile" class="list-item css-4ilwn8 e5c6fhg8"><div><div class="css-1a59qno e5c6fhg26"><div class="sc-584f2ed2-0 eXcFun coles-targeting-ProductTileHat product-hat" data-testid="product-hat"></div></div></div><div tabindex="0" class="coles-targeting-ProductTileHeaderWrapper css-16n8xtn e5c6fhg12"><header class="product__header"><div class="coles-targeting-ProductTileImageWrapper css-79elbk e5c6fhg23"><div class="product__image_area"><a tabindex="-1" class="product__link product__image" aria-label="Coles Capsicum Green Loose | approx. 220g" href="/product/coles-capsicum-green-loose-approx.-220g-7214862"><span class="sc-51f151be-0 ivFUFh"><img alt="" data-testid="product-image" loading="lazy" width="200" height="200" decoding="async" data-nimg="1" style="color:transparent;height:auto;max-width:100%;max-height:100%" srcSet="/_next/image?url=https%3A%2F%2Fcdn.productimages.coles.com.au%2Fproductimages%2F7%2F7214862.jpg&amp;w=256&amp;q=90 1x, /_next/image?url=https%3A%2F%2Fcdn.productimages.coles.com.au%2Fproductimages%2F7%2F7214862.jpg&amp;w=640&amp;q=90 2x" src="/_next/image?url=https%3A%2F%2Fcdn.productimages.coles.com.au%2Fproductimages%2F7%2F7214862.jpg&amp;w=640&amp;q=90"/></span></a></div></div></header></div><div class="product__message-title_area"><h2 class="sr-only css-10oefb9 e5c6fhg25">Coles Capsicum Green Loose | approx. 220g</h2><a class="product__link product__link__analytics css-0 e5c6fhg22" tabindex="-1" href="/product/coles-capsicum-green-loose-approx.-220g-7214862"><h2 class="product__title" style="overflow:hidden;display:block">Coles Capsicum Green Loose | approx. 220g</h2></a></div><div class="product__cta_section"><div class="product__pricing_area" data-testid="pricing"><section class="sc-8ee31a8b-0 gzRYHL product__pricing" data-testid="product_price"><div class="price"><span class="price__value" data-testid="product-pricing" aria-label="Price $2.18">$2.18</span><div class="sc-8ee31a8b-1 hMuHoF"></div></div><div class="sc-79c0c972-0 dbbkCW"><div class="price__calculation_method">$9.90/ 1kg</div></div><div class="price__calculation_additional_info"><span class="price__calculation_method__description">Final price is based on weight</span></div></section><div class="product__rating_area" data-testid="product-rating"><div data-bv-show="inline_rating" data-bv-product-id="7214862" data-bv-seo="false"></div></div><div class="product__availability_area" data-testid="product-availablity"></div></div><div data-testid="product-tile-cta-content" class="sc-dad300a8-0 hCZkYw"><div class="product__lists_cta_wrapper css-eyzank e5c6fhg7" data-testid="product-lists-cta-wrapper"><div class="css-fnf5lc e5c6fhg5"><div data-testid="add-to-cart" class="product__add_to_cart css-1d05ks6 emb2p810"><button data-testid="add-to-cart-button" aria-label="Add Coles Capsicum Green Loose to the trolley" class="coles-targeting-ButtonButton button product-tiles-btn css-a6sib9 eqypkd90" data-rocket-comp="button"><span aria-hidden="false" class="coles-targeting-ButtonButtonChildContainer css-1eukx1d"><svg data-rocket-comp="IconCartAddOutline" focusable="false" xmlns="http://www.w3.org/2000/svg" width="24" height="24" viewBox="0 0 24 24"><g fill="none" fill-rule="evenodd"><path stroke="currentColor" stroke-linecap="round" stroke-linejoin="round" stroke-width="2" vector-effect="non-scaling-stroke" d="M8,22 C8.55228475,22 9,21.5522847 9,21 C9,20.4477153 8.55228475,20 8,20 C7.44771525,20 7,20.4477153 7,21 C7,21.5522847 7.44771525,22 8,22 Z M18,22 C18.5522847,22 19,21.5522847 19,21 C19,20.4477153 18.5522847,20 18,20 C17.4477153,20 17,20.4477153 17,21 C17,21.5522847 17.4477153,22 18,22 Z M2,3 L4.5,3 L6.68,14.39 C6.86873697,15.3402315 7.71138394,16.0185624 8.68,16 L17.4,16 C18.3686161,16.0185624 19.211263,15.3402315 19.4,14.39 L21,7 M13,12 L13,6 M10,9 L16,9"></path></g></svg>Add</span></button></div></div></div></div></div></section><section data-testid="product-tile" class="list-item css-4ilwn8 e5c6fhg8"><div><div class="css-1a59qno e5c6fhg26"><div class="sc-584f2ed2-0 eXcFun coles-targeting-ProductTileHat product-hat" data-testid="product-hat"></div></div></div><div tabindex="0" class="coles-targeting-ProductTileHeaderWrapper css-16n8xtn e5c6fhg12"><header class="product__header"><div class="coles-targeting-ProductTileImageWrapper css-79elbk e5c6fhg23"><div class="product__image_area"><a tabindex="-1" class="product__link product__image" aria-label="Coles Green Beans Loose | approx. 200g" href="/product/coles-green-beans-loose-approx.-200g-407675"><span class="sc-51f151be-0 ivFUFh"><img alt="" data-testid="product-image" loading="lazy" width="200" height="200" decoding="async" data-nimg="1" style="color:transparent;height:auto;max-width:100%;max-height:100%" srcSet="/_next/image?url=https%3A%2F%2Fcdn.productimages.coles.com.au%2Fproductimages%2F4%2F407675.jpg&amp;w=256&amp;q=90 1x, /_next/image?url=https%3A%2F%2Fcdn.productimages.coles.com.au%2Fproductimages%2F4%2F407675.jpg&amp;w=640&amp;q=90 2x" src="/_next/image?url=https%3A%2F%2Fcdn.productimages.coles.com.au%2Fproductimages%2F4%2F407675.jpg&amp;w=640&amp;q=90"/></span></a></div></div></header></div><div class="product__message-title_area"><h2 class="sr-only css-10oefb9 e5c6fhg25">Coles Green Beans Loose | approx. 200g</h2><a class="product__link product__link__analytics css-0 e5c6fhg22" tabindex="-1" href="/product/coles-green-beans-loose-approx.-200g-407675"><h2 class="product__title" style="overflow:hidden;display:block">Coles Green Beans Loose | approx. 200g</h2></a></div><div class="product__cta_section"><div class="product__pricing_area" data-testid="pricing"><section class="sc-8ee31a8b-0 gzRYHL product__pricing" data-testid="product_price"><div class="price"><span class="price__value" data-testid="product-pricing" aria-label="Price $1.50">$1.50</span><div class="sc-8ee31a8b-1 hMuHoF"></div></div><div class="sc-79c0c972-0 dbbkCW"><div class="price__calculation_method">$7.50/ 1kg</div></div><div class="price__calculation_additional_info"><span class="price__calculation_method__description">Final price is based on weight</span></div></section><div class="product__rating_area" data-testid="product-rating"><div data-bv-show="inline_rating" data-bv-product-id="407675" data-bv-seo="false"></div></div><div class="product__availability_area" data-testid="product-availablity"></div></div><div data-testid="product-tile-cta-content" class="sc-dad300a8-0 hCZkYw"><div class="product__lists_cta_wrapper css-eyzank e5c6fhg7" data-testid="product-lists-cta-wrapper"><div class="css-fnf5lc e5c6fhg5"><div data-testid="add-to-cart" class="product__add_to_cart css-1d05ks6 emb2p810"><button data-testid="add-to-cart-button" aria-label="Add Coles Green Beans Loose to the trolley" class="coles-targeting-ButtonButton button product-tiles-btn css-a6sib9 eqypkd90" data-rocket-comp="button"><span aria-hidden="false" class="coles-targeting-ButtonButtonChildContainer css-1eukx1d"><svg data-rocket-comp="IconCartAddOutline" focusable="false" xmlns="http://www.w3.org/2000/svg" width="24" height="24" viewBox="0 0 24 24"><g fill="none" fill-rule="evenodd"><path stroke="currentColor" stroke-linecap="round" stroke-linejoin="round" stroke-width="2" vector-effect="non-scaling-stroke" d="M8,22 C8.55228475,22 9,21.5522847 9,21 C9,20.4477153 8.55228475,20 8,20 C7.44771525,20 7,20.4477153 7,21 C7,21.5522847 7.44771525,22 8,22 Z M18,22 C18.5522847,22 19,21.5522847 19,21 C19,20.4477153 18.5522847,20 18,20 C17.4477153,20 17,20.4477153 17,21 C17,21.5522847 17.4477153,22 18,22 Z M2,3 L4.5,3 L6.68,14.39 C6.86873697,15.3402315 7.71138394,16.0185624 8.68,16 L17.4,16 C18.3686161,16.0185624 19.211263,15.3402315 19.4,14.39 L21,7 M13,12 L13,6 M10,9 L16,9"></path></g></svg>Add</span></button></div></div></div></div></div></section><section data-testid="product-tile" class="list-item css-4ilwn8 e5c6fhg8"><div><div class="css-1a59qno e5c6fhg26"><div class="sc-584f2ed2-0 eXcFun coles-targeting-ProductTileHat product-hat" data-testid="product-hat"></div></div></div><div tabindex="0" class="coles-targeting-ProductTileHeaderWrapper css-16n8xtn e5c6fhg12"><header class="product__header"><div class="coles-targeting-ProductTileImageWrapper css-79elbk e5c6fhg23"><div class="product__image_area"><a tabindex="-1" class="product__link product__image" aria-label="Coles Baby Broccoli | 1 Bunch" href="/product/coles-baby-broccoli-1-bunch-5982477"><span class="sc-51f151be-0 ivFUFh"><img alt="" data-testid="product-image" loading="lazy" width="200" height="200" decoding="async" data-nimg="1" style="color:transparent;height:auto;max-width:100%;max-height:100%" srcSet="/_next/image?url=https%3A%2F%2Fcdn.productimages.coles.com.au%2Fproductimages%2F5%2F5982477.jpg&amp;w=256&amp;q=90 1x, /_next/image?url=https%3A%2F%2Fcdn.productimages.coles.com.au%2Fproductimages%2F5%2F5982477.jpg&amp;w=640&amp;q=90 2x" src="/_next/image?url=https%3A%2F%2Fcdn.productimages.coles.com.au%2Fproductimages%2F5%2F5982477.jpg&amp;w=640&amp;q=90"/></span></a></div></div></header></div><div class="product__message-title_area"><h2 class="sr-only css-10oefb9 e5c6fhg25">Coles Baby Broccoli | 1 Bunch</h2><a class="product__link product__link__analytics css-0 e5c6fhg22" tabindex="-1" href="/product/coles-baby-broccoli-1-bunch-5982477"><h2 class="product__title" style="overflow:hidden;display:block">Coles Baby Broccoli | 1 Bunch</h2></a></div><div class="product__cta_section"><div class="product__pricing_area" data-testid="pricing"><section class="sc-8ee31a8b-0 gzRYHL product__pricing" data-testid="product_price"><div class="price"><span class="price__value" data-testid="product-pricing" aria-label="Price $3.30">$3.30</span><div class="sc-8ee31a8b-1 hMuHoF"></div></div><div class="sc-79c0c972-0 dbbkCW"><div class="price__calculation_method">$3.30/ 1ea</div></div><div class="price__calculation_additional_info"></div></section><div class="product__rating_area" data-testid="product-rating"><div data-bv-show="inline_rating" data-bv-product-id="5982477" data-bv-seo="false"></div></div><div class="product__availability_area" data-testid="product-availablity"></div></div><div data-testid="product-tile-cta-content" class="sc-dad300a8-0 hCZkYw"><div class="product__lists_cta_wrapper css-eyzank e5c6fhg7" data-testid="product-lists-cta-wrapper"><div class="css-fnf5lc e5c6fhg5"><div data-testid="add-to-cart" class="product__add_to_cart css-1d05ks6 emb2p810"><button data-testid="add-to-cart-button" aria-label="Add Coles Baby Broccoli to the trolley" class="coles-targeting-ButtonButton button product-tiles-btn css-a6sib9 eqypkd90" data-rocket-comp="button"><span aria-hidden="false" class="coles-targeting-ButtonButtonChildContainer css-1eukx1d"><svg data-rocket-comp="IconCartAddOutline" focusable="false" xmlns="http://www.w3.org/2000/svg" width="24" height="24" viewBox="0 0 24 24"><g fill="none" fill-rule="evenodd"><path stroke="currentColor" stroke-linecap="round" stroke-linejoin="round" stroke-width="2" vector-effect="non-scaling-stroke" d="M8,22 C8.55228475,22 9,21.5522847 9,21 C9,20.4477153 8.55228475,20 8,20 C7.44771525,20 7,20.4477153 7,21 C7,21.5522847 7.44771525,22 8,22 Z M18,22 C18.5522847,22 19,21.5522847 19,21 C19,20.4477153 18.5522847,20 18,20 C17.4477153,20 17,20.4477153 17,21 C17,21.5522847 17.4477153,22 18,22 Z M2,3 L4.5,3 L6.68,14.39 C6.86873697,15.3402315 7.71138394,16.0185624 8.68,16 L17.4,16 C18.3686161,16.0185624 19.211263,15.3402315 19.4,14.39 L21,7 M13,12 L13,6 M10,9 L16,9"></path></g></svg>Add</span></button></div></div></div></div></div></section><section data-testid="product-tile" class="list-item css-4ilwn8 e5c6fhg8"><div><div class="css-1a59qno e5c6fhg26"><div class="sc-584f2ed2-0 eXcFun coles-targeting-ProductTileHat product-hat" data-testid="product-hat"></div></div></div><div tabindex="0" class="coles-targeting-ProductTileHeaderWrapper css-16n8xtn e5c6fhg12"><header class="product__header"><div class="coles-targeting-ProductTileImageWrapper css-79elbk e5c6fhg23"><div class="product__image_area"><a tabindex="-1" class="product__link product__image" aria-label="Coles Wrapped Butternut Pumpkin | approx. 700g" href="/product/coles-wrapped-butternut-pumpkin-approx.-700g-each-4190600"><span class="sc-51f151be-0 ivFUFh"><img alt="" data-testid="product-image" loading="lazy" width="200" height="200" decoding="async" data-nimg="1" style="color:transparent;height:auto;max-width:100%;max-height:100%" srcSet="/_next/image?url=https%3A%2F%2Fcdn.productimages.coles.com.au%2Fproductimages%2F4%2F4190600.jpg&amp;w=256&amp;q=90 1x, /_next/image?url=https%3A%2F%2Fcdn.productimages.coles.com.au%2Fproductimages%2F4%2F4190600.jpg&amp;w=640&amp;q=90 2x" src="/_next/image?url=https%3A%2F%2Fcdn.productimages.coles.com.au%2Fproductimages%2F4%2F4190600.jpg&amp;w=640&amp;q=90"/></span></a></div></div></header></div><div class="product__message-title_area"><h2 class="sr-only css-10oefb9 e5c6fhg25">Coles Wrapped Butternut Pumpkin | approx. 700g</h2><a class="product__link product__link__analytics css-0 e5c6fhg22" tabindex="-1" href="/product/coles-wrapped-butternut-pumpkin-approx.-700g-each-4190600"><h2 class="product__title" style="overflow:hidden;display:block">Coles Wrapped Butternut Pumpkin | approx. 700g</h2></a></div><div class="product__cta_section"><div class="product__pricing_area" data-testid="pricing"><section class="sc-8ee31a8b-0 gzRYHL product__pricing" data-testid="product_price"><div class="price"><span class="price__value" data-testid="product-pricing" aria-label="Price $2.45">$2.45</span><div class="sc-8ee31a8b-1 hMuHoF"></div></div><div class="sc-79c0c972-0 dbbkCW"><div class="price__calculation_method">$3.50/ 1kg</div></div><div class="price__calculation_additional_info"><span class="price__calculation_method__description">Final price is based on weight</span></div></section><div class="product__rating_area" data-testid="product-rating"><div data-bv-show="inline_rating" data-bv-product-id="4190600" data-bv-seo="false"></div></div><div class="product__availability_area" data-testid="product-availablity"></div></div><div data-testid="product-tile-cta-content" class="sc-dad300a8-0 hCZkYw"><div class="product__lists_cta_wrapper css-eyzank e5c6fhg7" data-testid="product-lists-cta-wrapper"><div class="css-fnf5lc e5c6fhg5"><div data-testid="add-to-cart" class="product__add_to_cart css-1d05ks6 emb2p810"><button data-testid="add-to-cart-button" aria-label="Add Coles Wrapped Butternut Pumpkin to the trolley" class="coles-targeting-ButtonButton button product-tiles-btn css-a6sib9 eqypkd90" data-rocket-comp="button"><span aria-hidden="false" class="coles-targeting-ButtonButtonChildContainer css-1eukx1d"><svg data-rocket-comp="IconCartAddOutline" focusable="false" xmlns="http://www.w3.org/2000/svg" width="24" height="24" viewBox="0 0 24 24"><g fill="none" fill-rule="evenodd"><path stroke="currentColor" stroke-linecap="round" stroke-linejoin="round" stroke-width="2" vector-effect="non-scaling-stroke" d="M8,22 C8.55228475,22 9,21.5522847 9,21 C9,20.4477153 8.55228475,20 8,20 C7.44771525,20 7,20.4477153 7,21 C7,21.5522847 7.44771525,22 8,22 Z M18,22 C18.5522847,22 19,21.5522847 19,21 C19,20.4477153 18.5522847,20 18,20 C17.4477153,20 17,20.4477153 17,21 C17,21.5522847 17.4477153,22 18,22 Z M2,3 L4.5,3 L6.68,14.39 C6.86873697,15.3402315 7.71138394,16.0185624 8.68,16 L17.4,16 C18.3686161,16.0185624 19.211263,15.3402315 19.4,14.39 L21,7 M13,12 L13,6 M10,9 L16,9"></path></g></svg>Add</span></button></div></div></div></div></div></section><section data-testid="product-tile" class="list-item css-4ilwn8 e5c6fhg8"><div><div class="css-1a59qno e5c6fhg26"><div class="sc-584f2ed2-0 eXcFun coles-targeting-ProductTileHat product-hat" data-testid="product-hat"></div></div></div><div tabindex="0" class="coles-targeting-ProductTileHeaderWrapper css-16n8xtn e5c6fhg12"><header class="product__header"><div class="coles-targeting-ProductTileImageWrapper css-79elbk e5c6fhg23"><div class="product__image_area"><a tabindex="-1" class="product__link product__image" aria-label="Coles Loose Brown Onions | approx. 200g" href="/product/coles-loose-brown-onions-approx.-200g-4239517"><span class="sc-51f151be-0 ivFUFh"><img alt="" data-testid="product-image" loading="lazy" width="200" height="200" decoding="async" data-nimg="1" style="color:transparent;height:auto;max-width:100%;max-height:100%" srcSet="/_next/image?url=https%3A%2F%2Fcdn.productimages.coles.com.au%2Fproductimages%2F4%2F4239517.jpg&amp;w=256&amp;q=90 1x, /_next/image?url=https%3A%2F%2Fcdn.productimages.coles.com.au%2Fproductimages%2F4%2F4239517.jpg&amp;w=640&amp;q=90 2x" src="/_next/image?url=https%3A%2F%2Fcdn.productimages.coles.com.au%2Fproductimages%2F4%2F4239517.jpg&amp;w=640&amp;q=90"/></span></a></div></div></header></div><div class="product__message-title_area"><h2 class="sr-only css-10oefb9 e5c6fhg25">Coles Loose Brown Onions | approx. 200g</h2><a class="product__link product__link__analytics css-0 e5c6fhg22" tabindex="-1" href="/product/coles-loose-brown-onions-approx.-200g-4239517"><h2 class="product__title" style="overflow:hidden;display:block">Coles Loose Brown Onions | approx. 200g</h2></a></div><div class="product__cta_section"><div class="product__pricing_area" data-testid="pricing"><section class="sc-8ee31a8b-0 gzRYHL product__pricing" data-testid="product_price"><div class="price"><span class="price__value" data-testid="product-pricing" aria-label="Price $0.78">$0.78</span><div class="sc-8ee31a8b-1 hMuHoF"></div></div><div class="sc-79c0c972-0 dbbkCW"><div class="price__calculation_method">$3.90/ 1kg</div></div><div class="price__calculation_additional_info"><span class="price__calculation_method__description">Final price is based on weight</span></div></section><div class="product__rating_area" data-testid="product-rating"><div data-bv-show="inline_rating" data-bv-product-id="4239517" data-bv-seo="false"></div></div><div class="product__availability_area" data-testid="product-availablity"></div></div><div data-testid="product-tile-cta-content" class="sc-dad300a8-0 hCZkYw"><div class="product__lists_cta_wrapper css-eyzank e5c6fhg7" data-testid="product-lists-cta-wrapper"><div class="css-fnf5lc e5c6fhg5"><div data-testid="add-to-cart" class="product__add_to_cart css-1d05ks6 emb2p810"><button data-testid="add-to-cart-button" aria-label="Add Coles Loose Brown Onions to the trolley" class="coles-targeting-ButtonButton button product-tiles-btn css-a6sib9 eqypkd90" data-rocket-comp="button"><span aria-hidden="false" class="coles-targeting-ButtonButtonChildContainer css-1eukx1d"><svg data-rocket-comp="IconCartAddOutline" focusable="false" xmlns="http://www.w3.org/2000/svg" width="24" height="24" viewBox="0 0 24 24"><g fill="none" fill-rule="evenodd"><path stroke="currentColor" stroke-linecap="round" stroke-linejoin="round" stroke-width="2" vector-effect="non-scaling-stroke" d="M8,22 C8.55228475,22 9,21.5522847 9,21 C9,20.4477153 8.55228475,20 8,20 C7.44771525,20 7,20.4477153 7,21 C7,21.5522847 7.44771525,22 8,22 Z M18,22 C18.5522847,22 19,21.5522847 19,21 C19,20.4477153 18.5522847,20 18,20 C17.4477153,20 17,20.4477153 17,21 C17,21.5522847 17.4477153,22 18,22 Z M2,3 L4.5,3 L6.68,14.39 C6.86873697,15.3402315 7.71138394,16.0185624 8.68,16 L17.4,16 C18.3686161,16.0185624 19.211263,15.3402315 19.4,14.39 L21,7 M13,12 L13,6 M10,9 L16,9"></path></g></svg>Add</span></button></div></div></div></div></div></section><section data-testid="product-tile" class="list-item css-4ilwn8 e5c6fhg8"><div><div class="css-1a59qno e5c6fhg26"><div class="sc-584f2ed2-0 eXcFun coles-targeting-ProductTileHat product-hat" data-testid="product-hat"></div></div></div><div tabindex="0" class="coles-targeting-ProductTileHeaderWrapper css-16n8xtn e5c6fhg12"><header class="product__header"><div class="coles-targeting-ProductTileImageWrapper css-79elbk e5c6fhg23"><div class="product__image_area"><a tabindex="-1" class="product__link product__image" aria-label="Coles Perino Red Grape Tomatoes | 200g" href="/product/coles-perino-red-grape-tomatoes-200g-7265535"><span class="sc-51f151be-0 ivFUFh"><img alt="" data-testid="product-image" loading="lazy" width="200" height="200" decoding="async" data-nimg="1" style="color:transparent;height:auto;max-width:100%;max-height:100%" srcSet="/_next/image?url=https%3A%2F%2Fcdn.productimages.coles.com.au%2Fproductimages%2F7%2F7265535.jpg&amp;w=256&amp;q=90 1x, /_next/image?url=https%3A%2F%2Fcdn.productimages.coles.com.au%2Fproductimages%2F7%2F7265535.jpg&amp;w=640&amp;q=90 2x" src="/_next/image?url=https%3A%2F%2Fcdn.productimages.coles.com.au%2Fproductimages%2F7%2F7265535.jpg&amp;w=640&amp;q=90"/></span></a></div></div></header></div><div class="product__message-title_area"><h2 class="sr-only css-10oefb9 e5c6fhg25">Coles Perino Red Grape Tomatoes | 200g</h2><a class="product__link product__link__analytics css-0 e5c6fhg22" tabindex="-1" href="/product/coles-perino-red-grape-tomatoes-200g-7265535"><h2 class="product__title" style="overflow:hidden;display:block">Coles Perino Red Grape Tomatoes | 200g</h2></a></div><div class="product__cta_section"><div class="product__pricing_area" data-testid="pricing"><section class="sc-8ee31a8b-0 gzRYHL product__pricing" data-testid="product_price"><div class="price"><span class="price__value" data-testid="product-pricing" aria-label="Price $3.90">$3.90</span><div class="sc-8ee31a8b-1 hMuHoF"></div></div><div class="sc-79c0c972-0 dbbkCW"><div class="price__calculation_method">$19.50/ 1kg</div></div><div class="price__calculation_additional_info"></div></section><div class="product__rating_area" data-testid="product-rating"><div data-bv-show="inline_rating" data-bv-product-id="7265535" data-bv-seo="false"></div></div><div class="product__availability_area" data-testid="product-availablity"></div></div><div data-testid="product-tile-cta-content" class="sc-dad300a8-0 hCZkYw"><div class="product__lists_cta_wrapper css-eyzank e5c6fhg7" data-testid="product-lists-cta-wrapper"><div class="css-fnf5lc e5c6fhg5"><div data-testid="add-to-cart" class="product__add_to_cart css-1d05ks6 emb2p810"><button data-testid="add-to-cart-button" aria-label="Add Coles Perino Red Grape Tomatoes to the trolley" class="coles-targeting-ButtonButton button product-tiles-btn css-a6sib9 eqypkd90" data-rocket-comp="button"><span aria-hidden="false" class="coles-targeting-ButtonButtonChildContainer css-1eukx1d"><svg data-rocket-comp="IconCartAddOutline" focusable="false" xmlns="http://www.w3.org/2000/svg" width="24" height="24" viewBox="0 0 24 24"><g fill="none" fill-rule="evenodd"><path stroke="currentColor" stroke-linecap="round" stroke-linejoin="round" stroke-width="2" vector-effect="non-scaling-stroke" d="M8,22 C8.55228475,22 9,21.5522847 9,21 C9,20.4477153 8.55228475,20 8,20 C7.44771525,20 7,20.4477153 7,21 C7,21.5522847 7.44771525,22 8,22 Z M18,22 C18.5522847,22 19,21.5522847 19,21 C19,20.4477153 18.5522847,20 18,20 C17.4477153,20 17,20.4477153 17,21 C17,21.5522847 17.4477153,22 18,22 Z M2,3 L4.5,3 L6.68,14.39 C6.86873697,15.3402315 7.71138394,16.0185624 8.68,16 L17.4,16 C18.3686161,16.0185624 19.211263,15.3402315 19.4,14.39 L21,7 M13,12 L13,6 M10,9 L16,9"></path></g></svg>Add</span></button></div></div></div></div></div></section><section data-testid="product-tile" class="list-item css-4ilwn8 e5c6fhg8"><div><div class="css-1a59qno e5c6fhg26"><div class="sc-584f2ed2-0 eXcFun coles-targeting-ProductTileHat product-hat" data-testid="product-hat"></div></div></div><div tabindex="0" class="coles-targeting-ProductTileHeaderWrapper css-16n8xtn e5c6fhg12"><header class="product__header"><div class="coles-targeting-ProductTileImageWrapper css-79elbk e5c6fhg23"><div class="product__image_area"><a tabindex="-1" class="product__link product__image" aria-label="Coles Baby Cucumbers | 250g" href="/product/coles-baby-cucumbers-250g-4578148"><span class="sc-51f151be-0 ivFUFh"><img alt="" data-testid="product-image" loading="lazy" width="200" height="200" decoding="async" data-nimg="1" style="color:transparent;height:auto;max-width:100%;max-height:100%" srcSet="/_next/image?url=https%3A%2F%2Fcdn.productimages.coles.com.au%2Fproductimages%2F4%2F4578148.jpg&amp;w=256&amp;q=90 1x, /_next/image?url=https%3A%2F%2Fcdn.productimages.coles.com.au%2Fproductimages%2F4%2F4578148.jpg&amp;w=640&amp;q=90 2x" src="/_next/image?url=https%3A%2F%2Fcdn.productimages.coles.com.au%2Fproductimages%2F4%2F4578148.jpg&amp;w=640&amp;q=90"/></span></a></div><span data-testid="simple-fixed-price-specials" class="product__badge css-7g8o32 eaeedhw0"><span class="roundel-text simple-fixed-price-specials"><span></span>SPECIAL<span></span></span></span></div></header></div><div class="product__message-title_area"><h2 class="sr-only css-10oefb9 e5c6fhg25">Coles Baby Cucumbers | 250g</h2><a class="product__link product__link__analytics css-0 e5c6fhg22" tabindex="-1" href="/product/coles-baby-cucumbers-250g-4578148"><h2 class="product__title" style="overflow:hidden;display:block">Coles Baby Cucumbers | 250g</h2></a></div><div class="product__cta_section"><div class="product__pricing_area" data-testid="pricing"><section class="sc-8ee31a8b-0 gzRYHL product__pricing" data-testid="product_price"><div class="price"><span class="price__value" data-testid="product-pricing" aria-label="Price $3.00">$3.00</span><div class="sc-8ee31a8b-1 hMuHoF"></div></div><div class="sc-79c0c972-0 dbbkCW"><div class="price__calculation_method">$12.00/ 1kg</div></div><div class="price__calculation_additional_info"></div></section><div class="product__rating_area" data-testid="product-rating"><div data-bv-show="inline_rating" data-bv-product-id="4578148" data-bv-seo="false"></div></div><div class="product__availability_area" data-testid="product-availablity"></div></div><div data-testid="product-tile-cta-content" class="sc-dad300a8-0 hCZkYw"><div class="product__lists_cta_wrapper css-eyzank e5c6fhg7" data-testid="product-lists-cta-wrapper"><div class="css-fnf5lc e5c6fhg5"><div data-testid="add-to-cart" class="product__add_to_cart css-1d05ks6 emb2p810"><button data-testid="add-to-cart-button" aria-label="Add Coles Baby Cucumbers to the trolley" class="coles-targeting-ButtonButton button product-tiles-btn css-a6sib9 eqypkd90" data-rocket-comp="button"><span aria-hidden="false" class="coles-targeting-ButtonButtonChildContainer css-1eukx1d"><svg data-rocket-comp="IconCartAddOutline" focusable="false" xmlns="http://www.w3.org/2000/svg" width="24" height="24" viewBox="0 0 24 24"><g fill="none" fill-rule="evenodd"><path stroke="currentColor" stroke-linecap="round" stroke-linejoin="round" stroke-width="2" vector-effect="non-scaling-stroke" d="M8,22 C8.55228475,22 9,21.5522847 9,21 C9,20.4477153 8.55228475,20 8,20 C7.44771525,20 7,20.4477153 7,21 C7,21.5522847 7.44771525,22 8,22 Z M18,22 C18.5522847,22 19,21.5522847 19,21 C19,20.4477153 18.5522847,20 18,20 C17.4477153,20 17,20.4477153 17,21 C17,21.5522847 17.4477153,22 18,22 Z M2,3 L4.5,3 L6.68,14.39 C6.86873697,15.3402315 7.71138394,16.0185624 8.68,16 L17.4,16 C18.3686161,16.0185624 19.211263,15.3402315 19.4,14.39 L21,7 M13,12 L13,6 M10,9 L16,9"></path></g></svg>Add</span></button></div></div></div></div></div></section><section data-testid="product-tile" class="list-item css-4ilwn8 e5c6fhg8"><div><div class="css-1a59qno e5c6fhg26"><div class="sc-584f2ed2-0 eXcFun coles-targeting-ProductTileHat product-hat" data-testid="product-hat"></div></div></div><div tabindex="0" class="coles-targeting-ProductTileHeaderWrapper css-16n8xtn e5c6fhg12"><header class="product__header"><div class="coles-targeting-ProductTileImageWrapper css-79elbk e5c6fhg23"><div class="product__image_area"><a tabindex="-1" class="product__link product__image" aria-label="Coles Lettuce Cos Baby Hearts | 2 Pack" href="/product/coles-lettuce-cos-baby-hearts-2-pack-4646485"><span class="sc-51f151be-0 ivFUFh"><img alt="" data-testid="product-image" loading="lazy" width="200" height="200" decoding="async" data-nimg="1" style="color:transparent;height:auto;max-width:100%;max-height:100%" srcSet="/_next/image?url=https%3A%2F%2Fcdn.productimages.coles.com.au%2Fproductimages%2F4%2F4646485.jpg&amp;w=256&amp;q=90 1x, /_next/image?url=https%3A%2F%2Fcdn.productimages.coles.com.au%2Fproductimages%2F4%2F4646485.jpg&amp;w=640&amp;q=90 2x" src="/_next/image?url=https%3A%2F%2Fcdn.productimages.coles.com.au%2Fproductimages%2F4%2F4646485.jpg&amp;w=640&amp;q=90"/></span></a></div></div></header></div><div class="product__message-title_area"><h2 class="sr-only css-10oefb9 e5c6fhg25">Coles Lettuce Cos Baby Hearts | 2 Pack</h2><a class="product__link product__link__analytics css-0 e5c6fhg22" tabindex="-1" href="/product/coles-lettuce-cos-baby-hearts-2-pack-4646485"><h2 class="product__title" style="overflow:hidden;display:block">Coles Lettuce Cos Baby Hearts | 2 Pack</h2></a></div><div class="product__cta_section"><div class="product__pricing_area" data-testid="pricing"><section class="sc-8ee31a8b-0 gzRYHL product__pricing" data-testid="product_price"><div class="price"><span class="price__value" data-testid="product-pricing" aria-label="Price $3.50">$3.50</span><div class="sc-8ee31a8b-1 hMuHoF"></div></div><div class="sc-79c0c972-0 dbbkCW"><div class="price__calculation_method">$1.75/ 1ea</div></div><div class="price__calculation_additional_info"></div></section><div class="product__rating_area" data-testid="product-rating"><div data-bv-show="inline_rating" data-bv-product-id="4646485" data-bv-seo="false"></div></div><div class="product__availability_area" data-testid="product-availablity"></div></div><div data-testid="product-tile-cta-content" class="sc-dad300a8-0 hCZkYw"><div class="product__lists_cta_wrapper css-eyzank e5c6fhg7" data-testid="product-lists-cta-wrapper"><div class="css-fnf5lc e5c6fhg5"><div data-testid="add-to-cart" class="product__add_to_cart css-1d05ks6 emb2p810"><button data-testid="add-to-cart-button" aria-label="Add Coles Lettuce Cos Baby Hearts to the trolley" class="coles-targeting-ButtonButton button product-tiles-btn css-a6sib9 eqypkd90" data-rocket-comp="button"><span aria-hidden="false" class="coles-targeting-ButtonButtonChildContainer css-1eukx1d"><svg data-rocket-comp="IconCartAddOutline" focusable="false" xmlns="http://www.w3.org/2000/svg" width="24" height="24" viewBox="0 0 24 24"><g fill="none" fill-rule="evenodd"><path stroke="currentColor" stroke-linecap="round" stroke-linejoin="round" stroke-width="2" vector-effect="non-scaling-stroke" d="M8,22 C8.55228475,22 9,21.5522847 9,21 C9,20.4477153 8.55228475,20 8,20 C7.44771525,20 7,20.4477153 7,21 C7,21.5522847 7.44771525,22 8,22 Z M18,22 C18.5522847,22 19,21.5522847 19,21 C19,20.4477153 18.5522847,20 18,20 C17.4477153,20 17,20.4477153 17,21 C17,21.5522847 17.4477153,22 18,22 Z M2,3 L4.5,3 L6.68,14.39 C6.86873697,15.3402315 7.71138394,16.0185624 8.68,16 L17.4,16 C18.3686161,16.0185624 19.211263,15.3402315 19.4,14.39 L21,7 M13,12 L13,6 M10,9 L16,9"></path></g></svg>Add</span></button></div></div></div></div></div></section><section data-testid="product-tile" class="list-item css-4ilwn8 e5c6fhg8"><div><div class="css-1a59qno e5c6fhg26"><div class="sc-584f2ed2-0 eXcFun coles-targeting-ProductTileHat product-hat" data-testid="product-hat"></div></div></div><div tabindex="0" class="coles-targeting-ProductTileHeaderWrapper css-16n8xtn e5c6fhg12"><header class="product__header"><div class="coles-targeting-ProductTileImageWrapper css-79elbk e5c6fhg23"><div class="product__image_area"><a tabindex="-1" class="product__link product__image" aria-label="Coles Carrots Loose | approx. 170g" href="/product/coles-carrots-loose-approx.-170g-4223335"><span class="sc-51f151be-0 ivFUFh"><img alt="" data-testid="product-image" loading="lazy" width="200" height="200" decoding="async" data-nimg="1" style="color:transparent;height:auto;max-width:100%;max-height:100%" srcSet="/_next/image?url=https%3A%2F%2Fcdn.productimages.coles.com.au%2Fproductimages%2F4%2F4223335.jpg&amp;w=256&amp;q=90 1x, /_next/image?url=https%3A%2F%2Fcdn.productimages.coles.com.au%2Fproductimages%2F4%2F4223335.jpg&amp;w=640&amp;q=90 2x" src="/_next/image?url=https%3A%2F%2Fcdn.productimages.coles.com.au%2Fproductimages%2F4%2F4223335.jpg&amp;w=640&amp;q=90"/></span></a></div></div></header></div><div class="product__message-title_area"><h2 class="sr-only css-10oefb9 e5c6fhg25">Coles Carrots Loose | approx. 170g</h2><a class="product__link product__link__analytics css-0 e5c6fhg22" tabindex="-1" href="/product/coles-carrots-loose-approx.-170g-4223335"><h2 class="product__title" style="overflow:hidden;display:block">Coles Carrots Loose | approx. 170g</h2></a></div><div class="product__cta_section"><div class="product__pricing_area" data-testid="pricing"><section class="sc-8ee31a8b-0 gzRYHL product__pricing" data-testid="product_price"><div class="price"><span class="price__value" data-testid="product-pricing" aria-label="Price $0.44">$0.44</span><div class="sc-8ee31a8b-1 hMuHoF"></div></div><div class="sc-79c0c972-0 dbbkCW"><div class="price__calculation_method">$2.60/ 1kg</div></div><div class="price__calculation_additional_info"><span class="price__calculation_method__description">Final price is based on weight</span></div></section><div class="product__rating_area" data-testid="product-rating"><div data-bv-show="inline_rating" data-bv-product-id="4223335" data-bv-seo="false"></div></div><div class="product__availability_area" data-testid="product-availablity"></div></div><div data-testid="product-tile-cta-content" class="sc-dad300a8-0 hCZkYw"><div class="product__lists_cta_wrapper css-eyzank e5c6fhg7" data-testid="product-lists-cta-wrapper"><div class="css-fnf5lc e5c6fhg5"><div data-testid="add-to-cart" class="product__add_to_cart css-1d05ks6 emb2p810"><button data-testid="add-to-cart-button" aria-label="Add Coles Carrots Loose to the trolley" class="coles-targeting-ButtonButton button product-tiles-btn css-a6sib9 eqypkd90" data-rocket-comp="button"><span aria-hidden="false" class="coles-targeting-ButtonButtonChildContainer css-1eukx1d"><svg data-rocket-comp="IconCartAddOutline" focusable="false" xmlns="http://www.w3.org/2000/svg" width="24" height="24" viewBox="0 0 24 24"><g fill="none" fill-rule="evenodd"><path stroke="currentColor" stroke-linecap="round" stroke-linejoin="round" stroke-width="2" vector-effect="non-scaling-stroke" d="M8,22 C8.55228475,22 9,21.5522847 9,21 C9,20.4477153 8.55228475,20 8,20 C7.44771525,20 7,20.4477153 7,21 C7,21.5522847 7.44771525,22 8,22 Z M18,22 C18.5522847,22 19,21.5522847 19,21 C19,20.4477153 18.5522847,20 18,20 C17.4477153,20 17,20.4477153 17,21 C17,21.5522847 17.4477153,22 18,22 Z M2,3 L4.5,3 L6.68,14.39 C6.86873697,15.3402315 7.71138394,16.0185624 8.68,16 L17.4,16 C18.3686161,16.0185624 19.211263,15.3402315 19.4,14.39 L21,7 M13,12 L13,6 M10,9 L16,9"></path></g></svg>Add</span></button></div></div></div></div></div></section><section data-testid="product-tile" class="list-item css-4ilwn8 e5c6fhg8"><div><div class="css-1a59qno e5c6fhg26"><div class="sc-584f2ed2-0 eXcFun coles-targeting-ProductTileHat product-hat" data-testid="product-hat"></div></div></div><div tabindex="0" class="coles-targeting-ProductTileHeaderWrapper css-16n8xtn e5c6fhg12"><header class="product__header"><div class="coles-targeting-ProductTileImageWrapper css-79elbk e5c6fhg23"><div class="product__image_area"><a tabindex="-1" class="product__link product__image" aria-label="Coles Creme Gold Washed Potatoes Loose | approx. 150g" href="/product/coles-creme-gold-washed-potatoes-loose-approx.-150g-1182162"><span class="sc-51f151be-0 ivFUFh"><img alt="" data-testid="product-image" loading="lazy" width="200" height="200" decoding="async" data-nimg="1" style="color:transparent;height:auto;max-width:100%;max-height:100%" srcSet="/_next/image?url=https%3A%2F%2Fcdn.productimages.coles.com.au%2Fproductimages%2F1%2F1182162.jpg&amp;w=256&amp;q=90 1x, /_next/image?url=https%3A%2F%2Fcdn.productimages.coles.com.au%2Fproductimages%2F1%2F1182162.jpg&amp;w=640&amp;q=90 2x" src="/_next/image?url=https%3A%2F%2Fcdn.productimages.coles.com.au%2Fproductimages%2F1%2F1182162.jpg&amp;w=640&amp;q=90"/></span></a></div></div></header></div><div class="product__message-title_area"><h2 class="sr-only css-10oefb9 e5c6fhg25">Coles Creme Gold Washed Potatoes Loose | approx. 150g</h2><a class="product__link product__link__analytics css-0 e5c6fhg22" tabindex="-1" href="/product/coles-creme-gold-washed-potatoes-loose-approx.-150g-1182162"><h2 class="product__title" style="overflow:hidden;display:block">Coles Creme Gold Washed Potatoes Loose | approx. 150g</h2></a></div><div class="product__cta_section"><div class="product__pricing_area" data-testid="pricing"><section class="sc-8ee31a8b-0 gzRYHL product__pricing" data-testid="product_price"><div class="price"><span class="price__value" data-testid="product-pricing" aria-label="Price $0.80">$0.80</span><div class="sc-8ee31a8b-1 hMuHoF"></div></div><div class="sc-79c0c972-0 dbbkCW"><div class="price__calculation_method">$5.30/ 1kg</div></div><div class="price__calculation_additional_info"><span class="price__calculation_method__description">Final price is based on weight</span></div></section><div class="product__rating_area" data-testid="product-rating"><div data-bv-show="inline_rating" data-bv-product-id="1182162" data-bv-seo="false"></div></div><div class="product__availability_area" data-testid="product-availablity"></div></div><div data-testid="product-tile-cta-content" class="sc-dad300a8-0 hCZkYw"><div class="product__lists_cta_wrapper css-eyzank e5c6fhg7" data-testid="product-lists-cta-wrapper"><div class="css-fnf5lc e5c6fhg5"><div data-testid="add-to-cart" class="product__add_to_cart css-1d05ks6 emb2p810"><button data-testid="add-to-cart-button" aria-label="Add Coles Creme Gold Washed Potatoes Loose to the trolley" class="coles-targeting-ButtonButton button product-tiles-btn css-a6sib9 eqypkd90" data-rocket-comp="button"><span aria-hidden="false" class="coles-targeting-ButtonButtonChildContainer css-1eukx1d"><svg data-rocket-comp="IconCartAddOutline" focusable="false" xmlns="http://www.w3.org/2000/svg" width="24" height="24" viewBox="0 0 24 24"><g fill="none" fill-rule="evenodd"><path stroke="currentColor" stroke-linecap="round" stroke-linejoin="round" stroke-width="2" vector-effect="non-scaling-stroke" d="M8,22 C8.55228475,22 9,21.5522847 9,21 C9,20.4477153 8.55228475,20 8,20 C7.44771525,20 7,20.4477153 7,21 C7,21.5522847 7.44771525,22 8,22 Z M18,22 C18.5522847,22 19,21.5522847 19,21 C19,20.4477153 18.5522847,20 18,20 C17.4477153,20 17,20.4477153 17,21 C17,21.5522847 17.4477153,22 18,22 Z M2,3 L4.5,3 L6.68,14.39 C6.86873697,15.3402315 7.71138394,16.0185624 8.68,16 L17.4,16 C18.3686161,16.0185624 19.211263,15.3402315 19.4,14.39 L21,7 M13,12 L13,6 M10,9 L16,9"></path></g></svg>Add</span></button></div></div></div></div></div></section><section data-testid="product-tile" class="list-item css-4ilwn8 e5c6fhg8"><div><div class="css-1a59qno e5c6fhg26"><div class="sc-584f2ed2-0 eXcFun coles-targeting-ProductTileHat product-hat" data-testid="product-hat"></div></div></div><div tabindex="0" class="coles-targeting-ProductTileHeaderWrapper css-16n8xtn e5c6fhg12"><header class="product__header"><div class="coles-targeting-ProductTileImageWrapper css-79elbk e5c6fhg23"><div class="product__image_area"><a tabindex="-1" class="product__link product__image" aria-label="Coles Italian Diced Tomatoes | 400g" href="/product/coles-italian-diced-tomatoes-400g-5548754"><span class="sc-51f151be-0 ivFUFh"><img alt="" data-testid="product-image" loading="lazy" width="200" height="200" decoding="async" data-nimg="1" style="color:transparent;height:auto;max-width:100%;max-height:100%" srcSet="/_next/image?url=https%3A%2F%2Fcdn.productimages.coles.com.au%2Fproductimages%2F5%2F5548754.jpg&amp;w=256&amp;q=90 1x, /_next/image?url=https%3A%2F%2Fcdn.productimages.coles.com.au%2Fproductimages%2F5%2F5548754.jpg&amp;w=640&amp;q=90 2x" src="/_next/image?url=https%3A%2F%2Fcdn.productimages.coles.com.au%2Fproductimages%2F5%2F5548754.jpg&amp;w=640&amp;q=90"/></span></a></div><span data-testid="every-day" class="product__badge css-1b3dj01 eaeedhw0"><span class="roundel-text every-day">EVERY DAY</span></span></div></header></div><div class="product__message-title_area"><h2 class="sr-only css-10oefb9 e5c6fhg25">Coles Italian Diced Tomatoes | 400g</h2><a class="product__link product__link__analytics css-0 e5c6fhg22" tabindex="-1" href="/product/coles-italian-diced-tomatoes-400g-5548754"><h2 class="product__title" style="overflow:hidden;display:block">Coles Italian Diced Tomatoes | 400g</h2></a></div><div class="product__cta_section"><div class="product__pricing_area" data-testid="pricing"><section class="sc-8ee31a8b-0 gzRYHL product__pricing" data-testid="product_price"><div class="price"><span class="price__value" data-testid="product-pricing" aria-label="Price $1.10">$1.10</span><div class="sc-8ee31a8b-1 hMuHoF"></div></div><div class="sc-79c0c972-0 dbbkCW"><div class="price__calculation_method">$2.75/ 1kg</div></div><div class="price__calculation_additional_info"></div></section><div class="product__rating_area" data-testid="product-rating"><div data-bv-show="inline_rating" data-bv-product-id="5548754" data-bv-seo="false"></div></div><div class="product__availability_area" data-testid="product-availablity"></div></div><div data-testid="product-tile-cta-content" class="sc-dad300a8-0 hCZkYw"><div class="product__lists_cta_wrapper css-eyzank e5c6fhg7" data-testid="product-lists-cta-wrapper"><div class="css-fnf5lc e5c6fhg5"><div data-testid="add-to-cart" class="product__add_to_cart css-1d05ks6 emb2p810"><button data-testid="add-to-cart-button" aria-label="Add Coles Italian Diced Tomatoes to the trolley" class="coles-targeting-ButtonButton button product-tiles-btn css-a6sib9 eqypkd90" data-rocket-comp="button"><span aria-hidden="false" class="coles-targeting-ButtonButtonChildContainer css-1eukx1d"><svg data-rocket-comp="IconCartAddOutline" focusable="false" xmlns="http://www.w3.org/2000/svg" width="24" height="24" viewBox="0 0 24 24"><g fill="none" fill-rule="evenodd"><path stroke="currentColor" stroke-linecap="round" stroke-linejoin="round" stroke-width="2" vector-effect="non-scaling-stroke" d="M8,22 C8.55228475,22 9,21.5522847 9,21 C9,20.4477153 8.55228475,20 8,20 C7.44771525,20 7,20.4477153 7,21 C7,21.5522847 7.44771525,22 8,22 Z M18,22 C18.5522847,22 19,21.5522847 19,21 C19,20.4477153 18.5522847,20 18,20 C17.4477153,20 17,20.4477153 17,21 C17,21.5522847 17.4477153,22 18,22 Z M2,3 L4.5,3 L6.68,14.39 C6.86873697,15.3402315 7.71138394,16.0185624 8.68,16 L17.4,16 C18.3686161,16.0185624 19.211263,15.3402315 19.4,14.39 L21,7 M13,12 L13,6 M10,9 L16,9"></path></g></svg>Add</span></button></div></div></div></div></div></section><section data-testid="product-tile" class="list-item css-4ilwn8 e5c6fhg8"><div><div class="css-1a59qno e5c6fhg26"><div class="sc-584f2ed2-0 eXcFun coles-targeting-ProductTileHat product-hat" data-testid="product-hat"></div></div></div><div tabindex="0" class="coles-targeting-ProductTileHeaderWrapper css-16n8xtn e5c6fhg12"><header class="product__header"><div class="coles-targeting-ProductTileImageWrapper css-79elbk e5c6fhg23"><div class="product__image_area"><a tabindex="-1" class="product__link product__image" aria-label="Coles Garlic Loose | approx. 60g" href="/product/coles-garlic-loose-approx.-60g-each-6105715"><span class="sc-51f151be-0 ivFUFh"><img alt="" data-testid="product-image" loading="lazy" width="200" height="200" decoding="async" data-nimg="1" style="color:transparent;height:auto;max-width:100%;max-height:100%" srcSet="/_next/image?url=https%3A%2F%2Fcdn.productimages.coles.com.au%2Fproductimages%2F6%2F6105715.jpg&amp;w=256&amp;q=90 1x, /_next/image?url=https%3A%2F%2Fcdn.productimages.coles.com.au%2Fproductimages%2F6%2F6105715.jpg&amp;w=640&amp;q=90 2x" src="/_next/image?url=https%3A%2F%2Fcdn.productimages.coles.com.au%2Fproductimages%2F6%2F6105715.jpg&amp;w=640&amp;q=90"/></span></a></div></div></header></div><div class="product__message-title_area"><h2 class="sr-only css-10oefb9 e5c6fhg25">Coles Garlic Loose | approx. 60g</h2><a class="product__link product__link__analytics css-0 e5c6fhg22" tabindex="-1" href="/product/coles-garlic-loose-approx.-60g-each-6105715"><h2 class="product__title" style="overflow:hidden;display:block">Coles Garlic Loose | approx. 60g</h2></a></div><div class="product__cta_section"><div class="product__pricing_area" data-testid="pricing"><section class="sc-8ee31a8b-0 gzRYHL product__pricing" data-testid="product_price"><div class="price"><span class="price__value" data-testid="product-pricing" aria-label="Price $1.98">$1.98</span><div class="sc-8ee31a8b-1 hMuHoF"></div></div><div class="sc-79c0c972-0 dbbkCW"><div class="price__calculation_method">$33.01/ 1kg</div></div><div class="price__calculation_additional_info"><span class="price__calculation_method__description">Final price is based on weight</span></div></section><div class="product__rating_area" data-testid="product-rating"><div data-bv-show="inline_rating" data-bv-product-id="6105715" data-bv-seo="false"></div></div><div class="product__availability_area" data-testid="product-availablity"></div></div><div data-testid="product-tile-cta-content" class="sc-dad300a8-0 hCZkYw"><div class="product__lists_cta_wrapper css-eyzank e5c6fhg7" data-testid="product-lists-cta-wrapper"><div class="css-fnf5lc e5c6fhg5"><div data-testid="add-to-cart" class="product__add_to_cart css-1d05ks6 emb2p810"><button data-testid="add-to-cart-button" aria-label="Add Coles Garlic Loose to the trolley" class="coles-targeting-ButtonButton button product-tiles-btn css-a6sib9 eqypkd90" data-rocket-comp="button"><span aria-hidden="false" class="coles-targeting-ButtonButtonChildContainer css-1eukx1d"><svg data-rocket-comp="IconCartAddOutline" focusable="false" xmlns="http://www.w3.org/2000/svg" width="24" height="24" viewBox="0 0 24 24"><g fill="none" fill-rule="evenodd"><path stroke="currentColor" stroke-linecap="round" stroke-linejoin="round" stroke-width="2" vector-effect="non-scaling-stroke" d="M8,22 C8.55228475,22 9,21.5522847 9,21 C9,20.4477153 8.55228475,20 8,20 C7.44771525,20 7,20.4477153 7,21 C7,21.5522847 7.44771525,22 8,22 Z M18,22 C18.5522847,22 19,21.5522847 19,21 C19,20.4477153 18.5522847,20 18,20 C17.4477153,20 17,20.4477153 17,21 C17,21.5522847 17.4477153,22 18,22 Z M2,3 L4.5,3 L6.68,14.39 C6.86873697,15.3402315 7.71138394,16.0185624 8.68,16 L17.4,16 C18.3686161,16.0185624 19.211263,15.3402315 19.4,14.39 L21,7 M13,12 L13,6 M10,9 L16,9"></path></g></svg>Add</span></button></div></div></div></div></div></section><section data-testid="product-tile" class="list-item css-4ilwn8 e5c6fhg8"><div><div class="css-1a59qno e5c6fhg26"><div class="sc-584f2ed2-0 eXcFun coles-targeting-ProductTileHat product-hat" data-testid="product-hat"></div></div></div><div tabindex="0" class="coles-targeting-ProductTileHeaderWrapper css-16n8xtn e5c6fhg12"><header class="product__header"><div class="coles-targeting-ProductTileImageWrapper css-79elbk e5c6fhg23"><div class="product__image_area"><a tabindex="-1" class="product__link product__image" aria-label="Coles Glasshouse Grape Tomatoes | 200g" href="/product/coles-glasshouse-grape-tomatoes-200g-4498173"><span class="sc-51f151be-0 ivFUFh"><img alt="" data-testid="product-image" loading="lazy" width="200" height="200" decoding="async" data-nimg="1" style="color:transparent;height:auto;max-width:100%;max-height:100%" srcSet="/_next/image?url=https%3A%2F%2Fcdn.productimages.coles.com.au%2Fproductimages%2F4%2F4498173.jpg&amp;w=256&amp;q=90 1x, /_next/image?url=https%3A%2F%2Fcdn.productimages.coles.com.au%2Fproductimages%2F4%2F4498173.jpg&amp;w=640&amp;q=90 2x" src="/_next/image?url=https%3A%2F%2Fcdn.productimages.coles.com.au%2Fproductimages%2F4%2F4498173.jpg&amp;w=640&amp;q=90"/></span></a></div><span data-testid="simple-fixed-price-specials" class="product__badge css-7g8o32 eaeedhw0"><span class="roundel-text simple-fixed-price-specials"><span></span>SPECIAL<span></span></span></span></div></header></div><div class="product__message-title_area"><h2 class="sr-only css-10oefb9 e5c6fhg25">Coles Glasshouse Grape Tomatoes | 200g</h2><a class="product__link product__link__analytics css-0 e5c6fhg22" tabindex="-1" href="/product/coles-glasshouse-grape-tomatoes-200g-4498173"><h2 class="product__title" style="overflow:hidden;display:block">Coles Glasshouse Grape Tomatoes | 200g</h2></a></div><div class="product__cta_section"><div class="product__pricing_area" data-testid="pricing"><section class="sc-8ee31a8b-0 gzRYHL product__pricing" data-testid="product_price"><div class="price"><span class="price__value" data-testid="product-pricing" aria-label="Price $3.00">$3.00</span><div class="sc-8ee31a8b-1 hMuHoF"></div></div><div class="sc-79c0c972-0 dbbkCW"><div class="price__calculation_method">$15.00/ 1kg</div></div><div class="price__calculation_additional_info"></div></section><div class="product__rating_area" data-testid="product-rating"><div data-bv-show="inline_rating" data-bv-product-id="4498173" data-bv-seo="false"></div></div><div class="product__availability_area" data-testid="product-availablity"></div></div><div data-testid="product-tile-cta-content" class="sc-dad300a8-0 hCZkYw"><div class="product__lists_cta_wrapper css-eyzank e5c6fhg7" data-testid="product-lists-cta-wrapper"><div class="css-fnf5lc e5c6fhg5"><div data-testid="add-to-cart" class="product__add_to_cart css-1d05ks6 emb2p810"><button data-testid="add-to-cart-button" aria-label="Add Coles Glasshouse Grape Tomatoes to the trolley" class="coles-targeting-ButtonButton button product-tiles-btn css-a6sib9 eqypkd90" data-rocket-comp="button"><span aria-hidden="false" class="coles-targeting-ButtonButtonChildContainer css-1eukx1d"><svg data-rocket-comp="IconCartAddOutline" focusable="false" xmlns="http://www.w3.org/2000/svg" width="24" height="24" viewBox="0 0 24 24"><g fill="none" fill-rule="evenodd"><path stroke="currentColor" stroke-linecap="round" stroke-linejoin="round" stroke-width="2" vector-effect="non-scaling-stroke" d="M8,22 C8.55228475,22 9,21.5522847 9,21 C9,20.4477153 8.55228475,20 8,20 C7.44771525,20 7,20.4477153 7,21 C7,21.5522847 7.44771525,22 8,22 Z M18,22 C18.5522847,22 19,21.5522847 19,21 C19,20.4477153 18.5522847,20 18,20 C17.4477153,20 17,20.4477153 17,21 C17,21.5522847 17.4477153,22 18,22 Z M2,3 L4.5,3 L6.68,14.39 C6.86873697,15.3402315 7.71138394,16.0185624 8.68,16 L17.4,16 C18.3686161,16.0185624 19.211263,15.3402315 19.4,14.39 L21,7 M13,12 L13,6 M10,9 L16,9"></path></g></svg>Add</span></button></div></div></div></div></div></section><section data-testid="product-tile" class="list-item css-4ilwn8 e5c6fhg8"><div><div class="css-1a59qno e5c6fhg26"><div class="sc-584f2ed2-0 eXcFun coles-targeting-ProductTileHat product-hat" data-testid="product-hat"></div></div></div><div tabindex="0" class="coles-targeting-ProductTileHeaderWrapper css-16n8xtn e5c6fhg12"><header class="product__header"><div class="coles-targeting-ProductTileImageWrapper css-79elbk e5c6fhg23"><div class="product__image_area"><a tabindex="-1" class="product__link product__image" aria-label="Coles Sliced Mushrooms | 200g" href="/product/coles-sliced-mushrooms-200g-5750960"><span class="sc-51f151be-0 ivFUFh"><img alt="" data-testid="product-image" loading="lazy" width="200" height="200" decoding="async" data-nimg="1" style="color:transparent;height:auto;max-width:100%;max-height:100%" srcSet="/_next/image?url=https%3A%2F%2Fcdn.productimages.coles.com.au%2Fproductimages%2F5%2F5750960.jpg&amp;w=256&amp;q=90 1x, /_next/image?url=https%3A%2F%2Fcdn.productimages.coles.com.au%2Fproductimages%2F5%2F5750960.jpg&amp;w=640&amp;q=90 2x" src="/_next/image?url=https%3A%2F%2Fcdn.productimages.coles.com.au%2Fproductimages%2F5%2F5750960.jpg&amp;w=640&amp;q=90"/></span></a></div></div></header></div><div class="product__message-title_area"><h2 class="sr-only css-10oefb9 e5c6fhg25">Coles Sliced Mushrooms | 200g</h2><a class="product__link product__link__analytics css-0 e5c6fhg22" tabindex="-1" href="/product/coles-sliced-mushrooms-200g-5750960"><h2 class="product__title" style="overflow:hidden;display:block">Coles Sliced Mushrooms | 200g</h2></a></div><div class="product__cta_section"><div class="product__pricing_area" data-testid="pricing"><section class="sc-8ee31a8b-0 gzRYHL product__pricing" data-testid="product_price"><div class="price"><span class="price__value" data-testid="product-pricing" aria-label="Price $4.00">$4.00</span><div class="sc-8ee31a8b-1 hMuHoF"></div></div><div class="sc-79c0c972-0 dbbkCW"><div class="price__calculation_method">$20.00/ 1kg</div></div><div class="price__calculation_additional_info"></div></section><div class="product__rating_area" data-testid="product-rating"><div data-bv-show="inline_rating" data-bv-product-id="5750960" data-bv-seo="false"></div></div><div class="product__availability_area" data-testid="product-availablity"></div></div><div data-testid="product-tile-cta-content" class="sc-dad300a8-0 hCZkYw"><div class="product__lists_cta_wrapper css-eyzank e5c6fhg7" data-testid="product-lists-cta-wrapper"><div class="css-fnf5lc e5c6fhg5"><div data-testid="add-to-cart" class="product__add_to_cart css-1d05ks6 emb2p810"><button data-testid="add-to-cart-button" aria-label="Add Coles Sliced Mushrooms to the trolley" class="coles-targeting-ButtonButton button product-tiles-btn css-a6sib9 eqypkd90" data-rocket-comp="button"><span aria-hidden="false" class="coles-targeting-ButtonButtonChildContainer css-1eukx1d"><svg data-rocket-comp="IconCartAddOutline" focusable="false" xmlns="http://www.w3.org/2000/svg" width="24" height="24" viewBox="0 0 24 24"><g fill="none" fill-rule="evenodd"><path stroke="currentColor" stroke-linecap="round" stroke-linejoin="round" stroke-width="2" vector-effect="non-scaling-stroke" d="M8,22 C8.55228475,22 9,21.5522847 9,21 C9,20.4477153 8.55228475,20 8,20 C7.44771525,20 7,20.4477153 7,21 C7,21.5522847 7.44771525,22 8,22 Z M18,22 C18.5522847,22 19,21.5522847 19,21 C19,20.4477153 18.5522847,20 18,20 C17.4477153,20 17,20.4477153 17,21 C17,21.5522847 17.4477153,22 18,22 Z M2,3 L4.5,3 L6.68,14.39 C6.86873697,15.3402315 7.71138394,16.0185624 8.68,16 L17.4,16 C18.3686161,16.0185624 19.211263,15.3402315 19.4,14.39 L21,7 M13,12 L13,6 M10,9 L16,9"></path></g></svg>Add</span></button></div></div></div></div></div></section><section data-testid="product-tile" class="list-item css-4ilwn8 e5c6fhg8"><div><div class="css-1a59qno e5c6fhg26"><div class="sc-584f2ed2-0 eXcFun coles-targeting-ProductTileHat product-hat" data-testid="product-hat"></div></div></div><div tabindex="0" class="coles-targeting-ProductTileHeaderWrapper css-16n8xtn e5c6fhg12"><header class="product__header"><div class="coles-targeting-ProductTileImageWrapper css-79elbk e5c6fhg23"><div class="product__image_area"><a tabindex="-1" class="product__link product__image" aria-label="Coles Potatoes Creme Royale Brushed | approx. 200g" href="/product/coles-potatoes-creme-royale-brushed-approx.-200g-1022610"><span class="sc-51f151be-0 ivFUFh"><img alt="" data-testid="product-image" loading="lazy" width="200" height="200" decoding="async" data-nimg="1" style="color:transparent;height:auto;max-width:100%;max-height:100%" srcSet="/_next/image?url=https%3A%2F%2Fcdn.productimages.coles.com.au%2Fproductimages%2F1%2F1022610.jpg&amp;w=256&amp;q=90 1x, /_next/image?url=https%3A%2F%2Fcdn.productimages.coles.com.au%2Fproductimages%2F1%2F1022610.jpg&amp;w=640&amp;q=90 2x" src="/_next/image?url=https%3A%2F%2Fcdn.productimages.coles.com.au%2Fproductimages%2F1%2F1022610.jpg&amp;w=640&amp;q=90"/></span></a></div></div></header></div><div class="product__message-title_area"><h2 class="sr-only css-10oefb9 e5c6fhg25">Coles Potatoes Creme Royale Brushed | approx. 200g</h2><a class="product__link product__link__analytics css-0 e5c6fhg22" tabindex="-1" href="/product/coles-potatoes-creme-royale-brushed-approx.-200g-1022610"><h2 class="product__title" style="overflow:hidden;display:block">Coles Potatoes Creme Royale Brushed | approx. 200g</h2></a></div><div class="product__cta_section"><div class="product__pricing_area" data-testid="pricing"><section class="sc-8ee31a8b-0 gzRYHL product__pricing" data-testid="product_price"><div class="price"><span class="price__value" data-testid="product-pricing" aria-label="Price $1.10">$1.10</span><div class="sc-8ee31a8b-1 hMuHoF"></div></div><div class="sc-79c0c972-0 dbbkCW"><div class="price__calculation_method">$5.50/ 1kg</div></div><div class="price__calculation_additional_info"><span class="price__calculation_method__description">Final price is based on weight</span></div></section><div class="product__rating_area" data-testid="product-rating"><div data-bv-show="inline_rating" data-bv-product-id="1022610" data-bv-seo="false"></div></div><div class="product__availability_area" data-testid="product-availablity"></div></div><div data-testid="product-tile-cta-content" class="sc-dad300a8-0 hCZkYw"><div class="product__lists_cta_wrapper css-eyzank e5c6fhg7" data-testid="product-lists-cta-wrapper"><div class="css-fnf5lc e5c6fhg5"><div data-testid="add-to-cart" class="product__add_to_cart css-1d05ks6 emb2p810"><button data-testid="add-to-cart-button" aria-label="Add Coles Potatoes Creme Royale Brushed to the trolley" class="coles-targeting-ButtonButton button product-tiles-btn css-a6sib9 eqypkd90" data-rocket-comp="button"><span aria-hidden="false" class="coles-targeting-ButtonButtonChildContainer css-1eukx1d"><svg data-rocket-comp="IconCartAddOutline" focusable="false" xmlns="http://www.w3.org/2000/svg" width="24" height="24" viewBox="0 0 24 24"><g fill="none" fill-rule="evenodd"><path stroke="currentColor" stroke-linecap="round" stroke-linejoin="round" stroke-width="2" vector-effect="non-scaling-stroke" d="M8,22 C8.55228475,22 9,21.5522847 9,21 C9,20.4477153 8.55228475,20 8,20 C7.44771525,20 7,20.4477153 7,21 C7,21.5522847 7.44771525,22 8,22 Z M18,22 C18.5522847,22 19,21.5522847 19,21 C19,20.4477153 18.5522847,20 18,20 C17.4477153,20 17,20.4477153 17,21 C17,21.5522847 17.4477153,22 18,22 Z M2,3 L4.5,3 L6.68,14.39 C6.86873697,15.3402315 7.71138394,16.0185624 8.68,16 L17.4,16 C18.3686161,16.0185624 19.211263,15.3402315 19.4,14.39 L21,7 M13,12 L13,6 M10,9 L16,9"></path></g></svg>Add</span></button></div></div></div></div></div></section><section data-testid="product-tile" class="list-item css-4ilwn8 e5c6fhg8"><div><div class="css-1a59qno e5c6fhg26"><div class="sc-584f2ed2-0 eXcFun coles-targeting-ProductTileHat product-hat" data-testid="product-hat"></div></div></div><div tabindex="0" class="coles-targeting-ProductTileHeaderWrapper css-16n8xtn e5c6fhg12"><header class="product__header"><div class="coles-targeting-ProductTileImageWrapper css-79elbk e5c6fhg23"><div class="product__image_area"><a tabindex="-1" class="product__link product__image" aria-label="Coles Baby Carrots | 500g" href="/product/coles-baby-carrots-500g-4236122"><span class="sc-51f151be-0 ivFUFh"><img alt="" data-testid="product-image" loading="lazy" width="200" height="200" decoding="async" data-nimg="1" style="color:transparent;height:auto;max-width:100%;max-height:100%" srcSet="/_next/image?url=https%3A%2F%2Fcdn.productimages.coles.com.au%2Fproductimages%2F4%2F4236122.jpg&amp;w=256&amp;q=90 1x, /_next/image?url=https%3A%2F%2Fcdn.productimages.coles.com.au%2Fproductimages%2F4%2F4236122.jpg&amp;w=640&amp;q=90 2x" src="/_next/image?url=https%3A%2F%2Fcdn.productimages.coles.com.au%2Fproductimages%2F4%2F4236122.jpg&amp;w=640&amp;q=90"/></span></a></div></div></header></div><div class="product__message-title_area"><h2 class="sr-only css-10oefb9 e5c6fhg25">Coles Baby Carrots | 500g</h2><a class="product__link product__link__analytics css-0 e5c6fhg22" tabindex="-1" href="/product/coles-baby-carrots-500g-4236122"><h2 class="product__title" style="overflow:hidden;display:block">Coles Baby Carrots | 500g</h2></a></div><div class="product__cta_section"><div class="product__pricing_area" data-testid="pricing"><section class="sc-8ee31a8b-0 gzRYHL product__pricing" data-testid="product_price"><div class="price"><span class="price__value" data-testid="product-pricing" aria-label="Price $1.90">$1.90</span><div class="sc-8ee31a8b-1 hMuHoF"></div></div><div class="sc-79c0c972-0 dbbkCW"><div class="price__calculation_method">$3.80/ 1kg</div></div><div class="price__calculation_additional_info"></div></section><div class="product__rating_area" data-testid="product-rating"><div data-bv-show="inline_rating" data-bv-product-id="4236122" data-bv-seo="false"></div></div><div class="product__availability_area" data-testid="product-availablity"></div></div><div data-testid="product-tile-cta-content" class="sc-dad300a8-0 hCZkYw"><div class="product__lists_cta_wrapper css-eyzank e5c6fhg7" data-testid="product-lists-cta-wrapper"><div class="css-fnf5lc e5c6fhg5"><div data-testid="add-to-cart" class="product__add_to_cart css-1d05ks6 emb2p810"><button data-testid="add-to-cart-button" aria-label="Add Coles Baby Carrots to the trolley" class="coles-targeting-ButtonButton button product-tiles-btn css-a6sib9 eqypkd90" data-rocket-comp="button"><span aria-hidden="false" class="coles-targeting-ButtonButtonChildContainer css-1eukx1d"><svg data-rocket-comp="IconCartAddOutline" focusable="false" xmlns="http://www.w3.org/2000/svg" width="24" height="24" viewBox="0 0 24 24"><g fill="none" fill-rule="evenodd"><path stroke="currentColor" stroke-linecap="round" stroke-linejoin="round" stroke-width="2" vector-effect="non-scaling-stroke" d="M8,22 C8.55228475,22 9,21.5522847 9,21 C9,20.4477153 8.55228475,20 8,20 C7.44771525,20 7,20.4477153 7,21 C7,21.5522847 7.44771525,22 8,22 Z M18,22 C18.5522847,22 19,21.5522847 19,21 C19,20.4477153 18.5522847,20 18,20 C17.4477153,20 17,20.4477153 17,21 C17,21.5522847 17.4477153,22 18,22 Z M2,3 L4.5,3 L6.68,14.39 C6.86873697,15.3402315 7.71138394,16.0185624 8.68,16 L17.4,16 C18.3686161,16.0185624 19.211263,15.3402315 19.4,14.39 L21,7 M13,12 L13,6 M10,9 L16,9"></path></g></svg>Add</span></button></div></div></div></div></div></section><section data-testid="product-tile" class="list-item css-4ilwn8 e5c6fhg8"><div><div class="css-1a59qno e5c6fhg26"><div class="sc-584f2ed2-0 eXcFun coles-targeting-ProductTileHat product-hat" data-testid="product-hat"></div></div></div><div tabindex="0" class="coles-targeting-ProductTileHeaderWrapper css-16n8xtn e5c6fhg12"><header class="product__header"><div class="coles-targeting-ProductTileImageWrapper css-79elbk e5c6fhg23"><div class="product__image_area"><a tabindex="-1" class="product__link product__image" aria-label="Coles Celery Bunch | 1 Each" href="/product/coles-celery-bunch-1-each-4845732"><span class="sc-51f151be-0 ivFUFh"><img alt="" data-testid="product-image" loading="lazy" width="200" height="200" decoding="async" data-nimg="1" style="color:transparent;height:auto;max-width:100%;max-height:100%" srcSet="/_next/image?url=https%3A%2F%2Fcdn.productimages.coles.com.au%2Fproductimages%2F4%2F4845732.jpg&amp;w=256&amp;q=90 1x, /_next/image?url=https%3A%2F%2Fcdn.productimages.coles.com.au%2Fproductimages%2F4%2F4845732.jpg&amp;w=640&amp;q=90 2x" src="/_next/image?url=https%3A%2F%2Fcdn.productimages.coles.com.au%2Fproductimages%2F4%2F4845732.jpg&amp;w=640&amp;q=90"/></span></a></div></div></header></div><div class="product__message-title_area"><h2 class="sr-only css-10oefb9 e5c6fhg25">Coles Celery Bunch | 1 Each</h2><a class="product__link product__link__analytics css-0 e5c6fhg22" tabindex="-1" href="/product/coles-celery-bunch-1-each-4845732"><h2 class="product__title" style="overflow:hidden;display:block">Coles Celery Bunch | 1 Each</h2></a></div><div class="product__cta_section"><div class="product__pricing_area" data-testid="pricing"><section class="sc-8ee31a8b-0 gzRYHL product__pricing" data-testid="product_price"><div class="price"><span class="price__value" data-testid="product-pricing" aria-label="Price $4.00">$4.00</span><div class="sc-8ee31a8b-1 hMuHoF"></div></div><div class="sc-79c0c972-0 dbbkCW"><div class="price__calculation_method">$4.00/ 1ea</div></div><div class="price__calculation_additional_info"></div></section><div class="product__rating_area" data-testid="product-rating"><div data-bv-show="inline_rating" data-bv-product-id="4845732" data-bv-seo="false"></div></div><div class="product__availability_area" data-testid="product-availablity"></div></div><div data-testid="product-tile-cta-content" class="sc-dad300a8-0 hCZkYw"><div class="product__lists_cta_wrapper css-eyzank e5c6fhg7" data-testid="product-lists-cta-wrapper"><div class="css-fnf5lc e5c6fhg5"><div data-testid="add-to-cart" class="product__add_to_cart css-1d05ks6 emb2p810"><button data-testid="add-to-cart-button" aria-label="Add Coles Celery Bunch to the trolley" class="coles-targeting-ButtonButton button product-tiles-btn css-a6sib9 eqypkd90" data-rocket-comp="button"><span aria-hidden="false" class="coles-targeting-ButtonButtonChildContainer css-1eukx1d"><svg data-rocket-comp="IconCartAddOutline" focusable="false" xmlns="http://www.w3.org/2000/svg" width="24" height="24" viewBox="0 0 24 24"><g fill="none" fill-rule="evenodd"><path stroke="currentColor" stroke-linecap="round" stroke-linejoin="round" stroke-width="2" vector-effect="non-scaling-stroke" d="M8,22 C8.55228475,22 9,21.5522847 9,21 C9,20.4477153 8.55228475,20 8,20 C7.44771525,20 7,20.4477153 7,21 C7,21.5522847 7.44771525,22 8,22 Z M18,22 C18.5522847,22 19,21.5522847 19,21 C19,20.4477153 18.5522847,20 18,20 C17.4477153,20 17,20.4477153 17,21 C17,21.5522847 17.4477153,22 18,22 Z M2,3 L4.5,3 L6.68,14.39 C6.86873697,15.3402315 7.71138394,16.0185624 8.68,16 L17.4,16 C18.3686161,16.0185624 19.211263,15.3402315 19.4,14.39 L21,7 M13,12 L13,6 M10,9 L16,9"></path></g></svg>Add</span></button></div></div></div></div></div></section><section data-testid="product-tile" class="list-item css-4ilwn8 e5c6fhg8"><div><div class="css-1a59qno e5c6fhg26"><div class="sc-584f2ed2-0 eXcFun coles-targeting-ProductTileHat product-hat" data-testid="product-hat"></div></div></div><div tabindex="0" class="coles-targeting-ProductTileHeaderWrapper css-16n8xtn e5c6fhg12"><header class="product__header"><div class="coles-targeting-ProductTileImageWrapper css-79elbk e5c6fhg23"><div class="product__image_area"><a tabindex="-1" class="product__link product__image" aria-label="Coles Red Onion 1 Kg | 1kg" href="/product/coles-red-onion-1-kg-1kg-8467604"><span class="sc-51f151be-0 ivFUFh"><img alt="" data-testid="product-image" loading="lazy" width="200" height="200" decoding="async" data-nimg="1" style="color:transparent;height:auto;max-width:100%;max-height:100%" srcSet="/_next/image?url=https%3A%2F%2Fcdn.productimages.coles.com.au%2Fproductimages%2F8%2F8467604.jpg&amp;w=256&amp;q=90 1x, /_next/image?url=https%3A%2F%2Fcdn.productimages.coles.com.au%2Fproductimages%2F8%2F8467604.jpg&amp;w=640&amp;q=90 2x" src="/_next/image?url=https%3A%2F%2Fcdn.productimages.coles.com.au%2Fproductimages%2F8%2F8467604.jpg&amp;w=640&amp;q=90"/></span></a></div></div></header></div><div class="product__message-title_area"><h2 class="sr-only css-10oefb9 e5c6fhg25">Coles Red Onion 1 Kg | 1kg</h2><a class="product__link product__link__analytics css-0 e5c6fhg22" tabindex="-1" href="/product/coles-red-onion-1-kg-1kg-8467604"><h2 class="product__title" style="overflow:hidden;display:block">Coles Red Onion 1 Kg | 1kg</h2></a></div><div class="product__cta_section"><div class="product__pricing_area" data-testid="pricing"><section class="sc-8ee31a8b-0 gzRYHL product__pricing" data-testid="product_price"><div class="price"><span class="price__value" data-testid="product-pricing" aria-label="Price $4.90">$4.90</span><div class="sc-8ee31a8b-1 hMuHoF"></div></div><div class="sc-79c0c972-0 dbbkCW"><div class="price__calculation_method">$4.90/ 1kg</div></div><div class="price__calculation_additional_info"></div></section><div class="product__rating_area" data-testid="product-rating"><div data-bv-show="inline_rating" data-bv-product-id="8467604" data-bv-seo="false"></div></div><div class="product__availability_area" data-testid="product-availablity"></div></div><div data-testid="product-tile-cta-content" class="sc-dad300a8-0 hCZkYw"><div class="product__lists_cta_wrapper css-eyzank e5c6fhg7" data-testid="product-lists-cta-wrapper"><div class="css-fnf5lc e5c6fhg5"><div data-testid="add-to-cart" class="product__add_to_cart css-1d05ks6 emb2p810"><button data-testid="add-to-cart-button" aria-label="Add Coles Red Onion 1 Kg to the trolley" class="coles-targeting-ButtonButton button product-tiles-btn css-a6sib9 eqypkd90" data-rocket-comp="button"><span aria-hidden="false" class="coles-targeting-ButtonButtonChildContainer css-1eukx1d"><svg data-rocket-comp="IconCartAddOutline" focusable="false" xmlns="http://www.w3.org/2000/svg" width="24" height="24" viewBox="0 0 24 24"><g fill="none" fill-rule="evenodd"><path stroke="currentColor" stroke-linecap="round" stroke-linejoin="round" stroke-width="2" vector-effect="non-scaling-stroke" d="M8,22 C8.55228475,22 9,21.5522847 9,21 C9,20.4477153 8.55228475,20 8,20 C7.44771525,20 7,20.4477153 7,21 C7,21.5522847 7.44771525,22 8,22 Z M18,22 C18.5522847,22 19,21.5522847 19,21 C19,20.4477153 18.5522847,20 18,20 C17.4477153,20 17,20.4477153 17,21 C17,21.5522847 17.4477153,22 18,22 Z M2,3 L4.5,3 L6.68,14.39 C6.86873697,15.3402315 7.71138394,16.0185624 8.68,16 L17.4,16 C18.3686161,16.0185624 19.211263,15.3402315 19.4,14.39 L21,7 M13,12 L13,6 M10,9 L16,9"></path></g></svg>Add</span></button></div></div></div></div></div></section><section data-testid="product-tile" class="list-item css-5jeq1z e5c6fhg8"><div><div class="css-1a59qno e5c6fhg26"><div class="sc-584f2ed2-0 eXcFun coles-targeting-ProductTileHat product-hat" data-testid="product-hat"></div></div></div><div tabindex="0" class="coles-targeting-ProductTileHeaderWrapper css-16n8xtn e5c6fhg12"><header class="product__header"><div class="coles-targeting-ProductTileImageWrapper css-79elbk e5c6fhg23"><div class="product__image_area"><a tabindex="-1" class="product__link product__image" aria-label="Coles Sleeved Herbs Coriander | 1 Bunch" href="/product/coles-sleeved-herbs-coriander-1-bunch-4575321"><span class="sc-51f151be-0 ivFUFh"><img alt="" data-testid="product-image" loading="lazy" width="200" height="200" decoding="async" data-nimg="1" style="color:transparent;height:auto;max-width:100%;max-height:100%" srcSet="/_next/image?url=https%3A%2F%2Fcdn.productimages.coles.com.au%2Fproductimages%2F4%2F4575321.jpg&amp;w=256&amp;q=90 1x, /_next/image?url=https%3A%2F%2Fcdn.productimages.coles.com.au%2Fproductimages%2F4%2F4575321.jpg&amp;w=640&amp;q=90 2x" src="/_next/image?url=https%3A%2F%2Fcdn.productimages.coles.com.au%2Fproductimages%2F4%2F4575321.jpg&amp;w=640&amp;q=90"/></span></a></div><span data-testid="multi_save" class="product__badge css-7g8o32 eaeedhw0"><span class="roundel-text multi_save">SPECIAL</span></span></div></header></div><div class="product__message-title_area"><h2 class="sr-only css-10oefb9 e5c6fhg25">Coles Sleeved Herbs Coriander | 1 Bunch</h2><a class="product__link product__link__analytics css-0 e5c6fhg22" tabindex="-1" href="/product/coles-sleeved-herbs-coriander-1-bunch-4575321"><h2 class="product__title" style="overflow:hidden;display:block">Coles Sleeved Herbs Coriander | 1 Bunch</h2></a></div><div class="product__cta_section"><div class="product__pricing_area" data-testid="pricing"><section class="sc-8ee31a8b-0 gzRYHL product__pricing" data-testid="product_price"><div class="price"><span class="price__value" data-testid="product-pricing" aria-label="Price $3.20">$3.20</span><div class="sc-8ee31a8b-1 hMuHoF"></div></div><div class="sc-79c0c972-0 dbbkCW"><div class="price__calculation_method">$3.20/ 1ea</div></div><div class="price__calculation_additional_info"></div></section><div class="product__rating_area" data-testid="product-rating"><div data-bv-show="inline_rating" data-bv-product-id="4575321" data-bv-seo="false"></div></div><div class="product__availability_area" data-testid="product-availablity"></div><div class="coles-targeting-ProductTileMultiBuyContainer css-1y9gd21 e5c6fhg17"><div class="product__offers_description" data-testid="offers"><span class="product_promotion complex"><button data-rocket-comp="link" type="button" data-testid="complex-promotion-link" class="coles-targeting-ProductBuyLinkButton ed9e0tv1 css-v6b4e7 e1ob2sjb1">Pick any 2 for $5.80</button></span></div></div></div><div data-testid="product-tile-cta-content" class="sc-dad300a8-0 hCZkYw"><div class="product__lists_cta_wrapper css-eyzank e5c6fhg7" data-testid="product-lists-cta-wrapper"><div class="css-fnf5lc e5c6fhg5"><div data-testid="add-to-cart" class="product__add_to_cart css-1d05ks6 emb2p810"><button data-testid="add-to-cart-button" aria-label="Add Coles Sleeved Herbs Coriander to the trolley" class="coles-targeting-ButtonButton button product-tiles-btn css-a6sib9 eqypkd90" data-rocket-comp="button"><span aria-hidden="false" class="coles-targeting-ButtonButtonChildContainer css-1eukx1d"><svg data-rocket-comp="IconCartAddOutline" focusable="false" xmlns="http://www.w3.org/2000/svg" width="24" height="24" viewBox="0 0 24 24"><g fill="none" fill-rule="evenodd"><path stroke="currentColor" stroke-linecap="round" stroke-linejoin="round" stroke-width="2" vector-effect="non-scaling-stroke" d="M8,22 C8.55228475,22 9,21.5522847 9,21 C9,20.4477153 8.55228475,20 8,20 C7.44771525,20 7,20.4477153 7,21 C7,21.5522847 7.44771525,22 8,22 Z M18,22 C18.5522847,22 19,21.5522847 19,21 C19,20.4477153 18.5522847,20 18,20 C17.4477153,20 17,20.4477153 17,21 C17,21.5522847 17.4477153,22 18,22 Z M2,3 L4.5,3 L6.68,14.39 C6.86873697,15.3402315 7.71138394,16.0185624 8.68,16 L17.4,16 C18.3686161,16.0185624 19.211263,15.3402315 19.4,14.39 L21,7 M13,12 L13,6 M10,9 L16,9"></path></g></svg>Add</span></button></div></div></div></div></div></section><section data-testid="product-tile" class="list-item css-4ilwn8 e5c6fhg8"><div><div class="css-1a59qno e5c6fhg26"><div class="sc-584f2ed2-0 eXcFun coles-targeting-ProductTileHat product-hat" data-testid="product-hat"></div></div></div><div tabindex="0" class="coles-targeting-ProductTileHeaderWrapper css-16n8xtn e5c6fhg12"><header class="product__header"><div class="coles-targeting-ProductTileImageWrapper css-79elbk e5c6fhg23"><div class="product__image_area"><a tabindex="-1" class="product__link product__image" aria-label="Coles Shredded Iceberg Lettuce | 200g" href="/product/coles-shredded-iceberg-lettuce-200g-2470526"><span class="sc-51f151be-0 ivFUFh"><img alt="" data-testid="product-image" loading="lazy" width="200" height="200" decoding="async" data-nimg="1" style="color:transparent;height:auto;max-width:100%;max-height:100%" srcSet="/_next/image?url=https%3A%2F%2Fcdn.productimages.coles.com.au%2Fproductimages%2F2%2F2470526.jpg&amp;w=256&amp;q=90 1x, /_next/image?url=https%3A%2F%2Fcdn.productimages.coles.com.au%2Fproductimages%2F2%2F2470526.jpg&amp;w=640&amp;q=90 2x" src="/_next/image?url=https%3A%2F%2Fcdn.productimages.coles.com.au%2Fproductimages%2F2%2F2470526.jpg&amp;w=640&amp;q=90"/></span></a></div></div></header></div><div class="product__message-title_area"><h2 class="sr-only css-10oefb9 e5c6fhg25">Coles Shredded Iceberg Lettuce | 200g</h2><a class="product__link product__link__analytics css-0 e5c6fhg22" tabindex="-1" href="/product/coles-shredded-iceberg-lettuce-200g-2470526"><h2 class="product__title" style="overflow:hidden;display:block">Coles Shredded Iceberg Lettuce | 200g</h2></a></div><div class="product__cta_section"><div class="product__pricing_area" data-testid="pricing"><section class="sc-8ee31a8b-0 gzRYHL product__pricing" data-testid="product_price"><div class="price"><span class="price__value" data-testid="product-pricing" aria-label="Price $2.20">$2.20</span><div class="sc-8ee31a8b-1 hMuHoF"></div></div><div class="sc-79c0c972-0 dbbkCW"><div class="price__calculation_method">$11.00/ 1kg</div></div><div class="price__calculation_additional_info"></div></section><div class="product__rating_area" data-testid="product-rating"><div data-bv-show="inline_rating" data-bv-product-id="2470526" data-bv-seo="false"></div></div><div class="product__availability_area" data-testid="product-availablity"></div></div><div data-testid="product-tile-cta-content" class="sc-dad300a8-0 hCZkYw"><div class="product__lists_cta_wrapper css-eyzank e5c6fhg7" data-testid="product-lists-cta-wrapper"><div class="css-fnf5lc e5c6fhg5"><div data-testid="add-to-cart" class="product__add_to_cart css-1d05ks6 emb2p810"><button data-testid="add-to-cart-button" aria-label="Add Coles Shredded Iceberg Lettuce to the trolley" class="coles-targeting-ButtonButton button product-tiles-btn css-a6sib9 eqypkd90" data-rocket-comp="button"><span aria-hidden="false" class="coles-targeting-ButtonButtonChildContainer css-1eukx1d"><svg data-rocket-comp="IconCartAddOutline" focusable="false" xmlns="http://www.w3.org/2000/svg" width="24" height="24" viewBox="0 0 24 24"><g fill="none" fill-rule="evenodd"><path stroke="currentColor" stroke-linecap="round" stroke-linejoin="round" stroke-width="2" vector-effect="non-scaling-stroke" d="M8,22 C8.55228475,22 9,21.5522847 9,21 C9,20.4477153 8.55228475,20 8,20 C7.44771525,20 7,20.4477153 7,21 C7,21.5522847 7.44771525,22 8,22 Z M18,22 C18.5522847,22 19,21.5522847 19,21 C19,20.4477153 18.5522847,20 18,20 C17.4477153,20 17,20.4477153 17,21 C17,21.5522847 17.4477153,22 18,22 Z M2,3 L4.5,3 L6.68,14.39 C6.86873697,15.3402315 7.71138394,16.0185624 8.68,16 L17.4,16 C18.3686161,16.0185624 19.211263,15.3402315 19.4,14.39 L21,7 M13,12 L13,6 M10,9 L16,9"></path></g></svg>Add</span></button></div></div></div></div></div></section><section data-testid="product-tile" class="list-item css-4ilwn8 e5c6fhg8"><div><div class="css-1a59qno e5c6fhg26"><div class="sc-584f2ed2-0 eXcFun coles-targeting-ProductTileHat product-hat" data-testid="product-hat"></div></div></div><div tabindex="0" class="coles-targeting-ProductTileHeaderWrapper css-16n8xtn e5c6fhg12"><header class="product__header"><div class="coles-targeting-ProductTileImageWrapper css-79elbk e5c6fhg23"><div class="product__image_area"><a tabindex="-1" class="product__link product__image" aria-label="Coles I&#x27;m Perfect Carrots Prepacked | 1.5kg" href="/product/coles-i&#x27;m-perfect-carrots-prepacked-1.5kg-3609392"><span class="sc-51f151be-0 ivFUFh"><img alt="" data-testid="product-image" loading="lazy" width="200" height="200" decoding="async" data-nimg="1" style="color:transparent;height:auto;max-width:100%;max-height:100%" srcSet="/_next/image?url=https%3A%2F%2Fcdn.productimages.coles.com.au%2Fproductimages%2F3%2F3609392.jpg&amp;w=256&amp;q=90 1x, /_next/image?url=https%3A%2F%2Fcdn.productimages.coles.com.au%2Fproductimages%2F3%2F3609392.jpg&amp;w=640&amp;q=90 2x" src="/_next/image?url=https%3A%2F%2Fcdn.productimages.coles.com.au%2Fproductimages%2F3%2F3609392.jpg&amp;w=640&amp;q=90"/></span></a></div><span data-testid="simple-fixed-price-specials" class="product__badge css-7g8o32 eaeedhw0"><span class="roundel-text simple-fixed-price-specials"><span></span>SPECIAL<span></span></span></span></div></header></div><div class="product__message-title_area"><h2 class="sr-only css-10oefb9 e5c6fhg25">Coles I&#x27;m Perfect Carrots Prepacked | 1.5kg</h2><a class="product__link product__link__analytics css-0 e5c6fhg22" tabindex="-1" href="/product/coles-i&#x27;m-perfect-carrots-prepacked-1.5kg-3609392"><h2 class="product__title" style="overflow:hidden;display:block">Coles I&#x27;m Perfect Carrots Prepacked | 1.5kg</h2></a></div><div class="product__cta_section"><div class="product__pricing_area" data-testid="pricing"><section class="sc-8ee31a8b-0 gzRYHL product__pricing" data-testid="product_price"><div class="price"><span class="price__value" data-testid="product-pricing" aria-label="Price $2.00">$2.00</span><div class="sc-8ee31a8b-1 hMuHoF"></div></div><div class="sc-79c0c972-0 dbbkCW"><div class="price__calculation_method">$1.33/ 1kg</div></div><div class="price__calculation_additional_info"></div></section><div class="product__rating_area" data-testid="product-rating"><div data-bv-show="inline_rating" data-bv-product-id="3609392" data-bv-seo="false"></div></div><div class="product__availability_area" data-testid="product-availablity"></div></div><div data-testid="product-tile-cta-content" class="sc-dad300a8-0 hCZkYw"><div class="product__lists_cta_wrapper css-eyzank e5c6fhg7" data-testid="product-lists-cta-wrapper"><div class="css-fnf5lc e5c6fhg5"><div data-testid="add-to-cart" class="product__add_to_cart css-1d05ks6 emb2p810"><button data-testid="add-to-cart-button" aria-label="Add Coles I&#x27;m Perfect Carrots Prepacked to the trolley" class="coles-targeting-ButtonButton button product-tiles-btn css-a6sib9 eqypkd90" data-rocket-comp="button"><span aria-hidden="false" class="coles-targeting-ButtonButtonChildContainer css-1eukx1d"><svg data-rocket-comp="IconCartAddOutline" focusable="false" xmlns="http://www.w3.org/2000/svg" width="24" height="24" viewBox="0 0 24 24"><g fill="none" fill-rule="evenodd"><path stroke="currentColor" stroke-linecap="round" stroke-linejoin="round" stroke-width="2" vector-effect="non-scaling-stroke" d="M8,22 C8.55228475,22 9,21.5522847 9,21 C9,20.4477153 8.55228475,20 8,20 C7.44771525,20 7,20.4477153 7,21 C7,21.5522847 7.44771525,22 8,22 Z M18,22 C18.5522847,22 19,21.5522847 19,21 C19,20.4477153 18.5522847,20 18,20 C17.4477153,20 17,20.4477153 17,21 C17,21.5522847 17.4477153,22 18,22 Z M2,3 L4.5,3 L6.68,14.39 C6.86873697,15.3402315 7.71138394,16.0185624 8.68,16 L17.4,16 C18.3686161,16.0185624 19.211263,15.3402315 19.4,14.39 L21,7 M13,12 L13,6 M10,9 L16,9"></path></g></svg>Add</span></button></div></div></div></div></div></section><section data-testid="product-tile" class="list-item css-4ilwn8 e5c6fhg8"><div><div class="css-1a59qno e5c6fhg26"><div class="sc-584f2ed2-0 eXcFun coles-targeting-ProductTileHat product-hat" data-testid="product-hat"></div></div></div><div tabindex="0" class="coles-targeting-ProductTileHeaderWrapper css-16n8xtn e5c6fhg12"><header class="product__header"><div class="coles-targeting-ProductTileImageWrapper css-79elbk e5c6fhg23"><div class="product__image_area"><a tabindex="-1" class="product__link product__image" aria-label="Coles Mushrooms Cup | 200g" href="/product/coles-mushrooms-cup-200g-4829860"><span class="sc-51f151be-0 ivFUFh"><img alt="" data-testid="product-image" loading="lazy" width="200" height="200" decoding="async" data-nimg="1" style="color:transparent;height:auto;max-width:100%;max-height:100%" srcSet="/_next/image?url=https%3A%2F%2Fcdn.productimages.coles.com.au%2Fproductimages%2F4%2F4829860.jpg&amp;w=256&amp;q=90 1x, /_next/image?url=https%3A%2F%2Fcdn.productimages.coles.com.au%2Fproductimages%2F4%2F4829860.jpg&amp;w=640&amp;q=90 2x" src="/_next/image?url=https%3A%2F%2Fcdn.productimages.coles.com.au%2Fproductimages%2F4%2F4829860.jpg&amp;w=640&amp;q=90"/></span></a></div></div></header></div><div class="product__message-title_area"><h2 class="sr-only css-10oefb9 e5c6fhg25">Coles Mushrooms Cup | 200g</h2><a class="product__link product__link__analytics css-0 e5c6fhg22" tabindex="-1" href="/product/coles-mushrooms-cup-200g-4829860"><h2 class="product__title" style="overflow:hidden;display:block">Coles Mushrooms Cup | 200g</h2></a></div><div class="product__cta_section"><div class="product__pricing_area" data-testid="pricing"><section class="sc-8ee31a8b-0 gzRYHL product__pricing" data-testid="product_price"><div class="price"><span class="price__value" data-testid="product-pricing" aria-label="Price $4.00">$4.00</span><div class="sc-8ee31a8b-1 hMuHoF"></div></div><div class="sc-79c0c972-0 dbbkCW"><div class="price__calculation_method">$20.00/ 1kg</div></div><div class="price__calculation_additional_info"></div></section><div class="product__rating_area" data-testid="product-rating"><div data-bv-show="inline_rating" data-bv-product-id="4829860" data-bv-seo="false"></div></div><div class="product__availability_area" data-testid="product-availablity"></div></div><div data-testid="product-tile-cta-content" class="sc-dad300a8-0 hCZkYw"><div class="product__lists_cta_wrapper css-eyzank e5c6fhg7" data-testid="product-lists-cta-wrapper"><div class="css-fnf5lc e5c6fhg5"><div data-testid="add-to-cart" class="product__add_to_cart css-1d05ks6 emb2p810"><button data-testid="add-to-cart-button" aria-label="Add Coles Mushrooms Cup to the trolley" class="coles-targeting-ButtonButton button product-tiles-btn css-a6sib9 eqypkd90" data-rocket-comp="button"><span aria-hidden="false" class="coles-targeting-ButtonButtonChildContainer css-1eukx1d"><svg data-rocket-comp="IconCartAddOutline" focusable="false" xmlns="http://www.w3.org/2000/svg" width="24" height="24" viewBox="0 0 24 24"><g fill="none" fill-rule="evenodd"><path stroke="currentColor" stroke-linecap="round" stroke-linejoin="round" stroke-width="2" vector-effect="non-scaling-stroke" d="M8,22 C8.55228475,22 9,21.5522847 9,21 C9,20.4477153 8.55228475,20 8,20 C7.44771525,20 7,20.4477153 7,21 C7,21.5522847 7.44771525,22 8,22 Z M18,22 C18.5522847,22 19,21.5522847 19,21 C19,20.4477153 18.5522847,20 18,20 C17.4477153,20 17,20.4477153 17,21 C17,21.5522847 17.4477153,22 18,22 Z M2,3 L4.5,3 L6.68,14.39 C6.86873697,15.3402315 7.71138394,16.0185624 8.68,16 L17.4,16 C18.3686161,16.0185624 19.211263,15.3402315 19.4,14.39 L21,7 M13,12 L13,6 M10,9 L16,9"></path></g></svg>Add</span></button></div></div></div></div></div></section><section data-testid="product-tile" class="list-item css-4ilwn8 e5c6fhg8"><div><div class="css-1a59qno e5c6fhg26"><div class="sc-584f2ed2-0 eXcFun coles-targeting-ProductTileHat product-hat" data-testid="product-hat"></div></div></div><div tabindex="0" class="coles-targeting-ProductTileHeaderWrapper css-16n8xtn e5c6fhg12"><header class="product__header"><div class="coles-targeting-ProductTileImageWrapper css-79elbk e5c6fhg23"><div class="product__image_area"><a tabindex="-1" class="product__link product__image" aria-label="Coles Vine Ripened Tomatoes | 500g" href="/product/coles-vine-ripened-tomatoes-500g-4835171"><span class="sc-51f151be-0 ivFUFh"><img alt="" data-testid="product-image" loading="lazy" width="200" height="200" decoding="async" data-nimg="1" style="color:transparent;height:auto;max-width:100%;max-height:100%" srcSet="/_next/image?url=https%3A%2F%2Fcdn.productimages.coles.com.au%2Fproductimages%2F4%2F4835171.jpg&amp;w=256&amp;q=90 1x, /_next/image?url=https%3A%2F%2Fcdn.productimages.coles.com.au%2Fproductimages%2F4%2F4835171.jpg&amp;w=640&amp;q=90 2x" src="/_next/image?url=https%3A%2F%2Fcdn.productimages.coles.com.au%2Fproductimages%2F4%2F4835171.jpg&amp;w=640&amp;q=90"/></span></a></div><span data-testid="simple-fixed-price-specials" class="product__badge css-7g8o32 eaeedhw0"><span class="roundel-text simple-fixed-price-specials"><span></span>SPECIAL<span></span></span></span></div></header></div><div class="product__message-title_area"><h2 class="sr-only css-10oefb9 e5c6fhg25">Coles Vine Ripened Tomatoes | 500g</h2><a class="product__link product__link__analytics css-0 e5c6fhg22" tabindex="-1" href="/product/coles-vine-ripened-tomatoes-500g-4835171"><h2 class="product__title" style="overflow:hidden;display:block">Coles Vine Ripened Tomatoes | 500g</h2></a></div><div class="product__cta_section"><div class="product__pricing_area" data-testid="pricing"><section class="sc-8ee31a8b-0 gzRYHL product__pricing" data-testid="product_price"><div class="price"><span class="price__value" data-testid="product-pricing" aria-label="Price $3.30">$3.30</span><div class="sc-8ee31a8b-1 hMuHoF"></div></div><div class="sc-79c0c972-0 dbbkCW"><div class="price__calculation_method">$6.60/ 1kg</div></div><div class="price__calculation_additional_info"></div></section><div class="product__rating_area" data-testid="product-rating"><div data-bv-show="inline_rating" data-bv-product-id="4835171" data-bv-seo="false"></div></div><div class="product__availability_area" data-testid="product-availablity"></div></div><div data-testid="product-tile-cta-content" class="sc-dad300a8-0 hCZkYw"><div class="product__lists_cta_wrapper css-eyzank e5c6fhg7" data-testid="product-lists-cta-wrapper"><div class="css-fnf5lc e5c6fhg5"><div data-testid="add-to-cart" class="product__add_to_cart css-1d05ks6 emb2p810"><button data-testid="add-to-cart-button" aria-label="Add Coles Vine Ripened Tomatoes to the trolley" class="coles-targeting-ButtonButton button product-tiles-btn css-a6sib9 eqypkd90" data-rocket-comp="button"><span aria-hidden="false" class="coles-targeting-ButtonButtonChildContainer css-1eukx1d"><svg data-rocket-comp="IconCartAddOutline" focusable="false" xmlns="http://www.w3.org/2000/svg" width="24" height="24" viewBox="0 0 24 24"><g fill="none" fill-rule="evenodd"><path stroke="currentColor" stroke-linecap="round" stroke-linejoin="round" stroke-width="2" vector-effect="non-scaling-stroke" d="M8,22 C8.55228475,22 9,21.5522847 9,21 C9,20.4477153 8.55228475,20 8,20 C7.44771525,20 7,20.4477153 7,21 C7,21.5522847 7.44771525,22 8,22 Z M18,22 C18.5522847,22 19,21.5522847 19,21 C19,20.4477153 18.5522847,20 18,20 C17.4477153,20 17,20.4477153 17,21 C17,21.5522847 17.4477153,22 18,22 Z M2,3 L4.5,3 L6.68,14.39 C6.86873697,15.3402315 7.71138394,16.0185624 8.68,16 L17.4,16 C18.3686161,16.0185624 19.211263,15.3402315 19.4,14.39 L21,7 M13,12 L13,6 M10,9 L16,9"></path></g></svg>Add</span></button></div></div></div></div></div></section><section data-testid="product-tile" class="list-item css-4ilwn8 e5c6fhg8"><div><div class="css-1a59qno e5c6fhg26"><div class="sc-584f2ed2-0 eXcFun coles-targeting-ProductTileHat product-hat" data-testid="product-hat"></div></div></div><div tabindex="0" class="coles-targeting-ProductTileHeaderWrapper css-16n8xtn e5c6fhg12"><header class="product__header"><div class="coles-targeting-ProductTileImageWrapper css-79elbk e5c6fhg23"><div class="product__image_area"><a tabindex="-1" class="product__link product__image" aria-label="Coles Potatoes Washed | 2kg" href="/product/coles-potatoes-washed-2kg-1206748"><span class="sc-51f151be-0 ivFUFh"><img alt="" data-testid="product-image" loading="lazy" width="200" height="200" decoding="async" data-nimg="1" style="color:transparent;height:auto;max-width:100%;max-height:100%" srcSet="/_next/image?url=https%3A%2F%2Fcdn.productimages.coles.com.au%2Fproductimages%2F1%2F1206748.jpg&amp;w=256&amp;q=90 1x, /_next/image?url=https%3A%2F%2Fcdn.productimages.coles.com.au%2Fproductimages%2F1%2F1206748.jpg&amp;w=640&amp;q=90 2x" src="/_next/image?url=https%3A%2F%2Fcdn.productimages.coles.com.au%2Fproductimages%2F1%2F1206748.jpg&amp;w=640&amp;q=90"/></span></a></div><span data-testid="simple-fixed-price-specials" class="product__badge css-7g8o32 eaeedhw0"><span class="roundel-text simple-fixed-price-specials"><span></span>SPECIAL<span></span></span></span></div></header></div><div class="product__message-title_area"><h2 class="sr-only css-10oefb9 e5c6fhg25">Coles Potatoes Washed | 2kg</h2><a class="product__link product__link__analytics css-0 e5c6fhg22" tabindex="-1" href="/product/coles-potatoes-washed-2kg-1206748"><h2 class="product__title" style="overflow:hidden;display:block">Coles Potatoes Washed | 2kg</h2></a></div><div class="product__cta_section"><div class="product__pricing_area" data-testid="pricing"><section class="sc-8ee31a8b-0 gzRYHL product__pricing" data-testid="product_price"><div class="price"><span class="price__value" data-testid="product-pricing" aria-label="Price $6.00">$6.00</span><div class="sc-8ee31a8b-1 hMuHoF"></div></div><div class="sc-79c0c972-0 dbbkCW"><div class="price__calculation_method">$3.00/ 1kg</div></div><div class="price__calculation_additional_info"></div></section><div class="product__rating_area" data-testid="product-rating"><div data-bv-show="inline_rating" data-bv-product-id="1206748" data-bv-seo="false"></div></div><div class="product__availability_area" data-testid="product-availablity"></div></div><div data-testid="product-tile-cta-content" class="sc-dad300a8-0 hCZkYw"><div class="product__lists_cta_wrapper css-eyzank e5c6fhg7" data-testid="product-lists-cta-wrapper"><div class="css-fnf5lc e5c6fhg5"><div data-testid="add-to-cart" class="product__add_to_cart css-1d05ks6 emb2p810"><button data-testid="add-to-cart-button" aria-label="Add Coles Potatoes Washed to the trolley" class="coles-targeting-ButtonButton button product-tiles-btn css-a6sib9 eqypkd90" data-rocket-comp="button"><span aria-hidden="false" class="coles-targeting-ButtonButtonChildContainer css-1eukx1d"><svg data-rocket-comp="IconCartAddOutline" focusable="false" xmlns="http://www.w3.org/2000/svg" width="24" height="24" viewBox="0 0 24 24"><g fill="none" fill-rule="evenodd"><path stroke="currentColor" stroke-linecap="round" stroke-linejoin="round" stroke-width="2" vector-effect="non-scaling-stroke" d="M8,22 C8.55228475,22 9,21.5522847 9,21 C9,20.4477153 8.55228475,20 8,20 C7.44771525,20 7,20.4477153 7,21 C7,21.5522847 7.44771525,22 8,22 Z M18,22 C18.5522847,22 19,21.5522847 19,21 C19,20.4477153 18.5522847,20 18,20 C17.4477153,20 17,20.4477153 17,21 C17,21.5522847 17.4477153,22 18,22 Z M2,3 L4.5,3 L6.68,14.39 C6.86873697,15.3402315 7.71138394,16.0185624 8.68,16 L17.4,16 C18.3686161,16.0185624 19.211263,15.3402315 19.4,14.39 L21,7 M13,12 L13,6 M10,9 L16,9"></path></g></svg>Add</span></button></div></div></div></div></div></section><section data-testid="product-tile" class="list-item css-4ilwn8 e5c6fhg8"><div><div class="css-1a59qno e5c6fhg26"><div class="sc-584f2ed2-0 eXcFun coles-targeting-ProductTileHat product-hat" data-testid="product-hat"></div></div></div><div tabindex="0" class="coles-targeting-ProductTileHeaderWrapper css-16n8xtn e5c6fhg12"><header class="product__header"><div class="coles-targeting-ProductTileImageWrapper css-79elbk e5c6fhg23"><div class="product__image_area"><a tabindex="-1" class="product__link product__image" aria-label="Coles Half Cauliflower Precut | 1 each" href="/product/coles-half-cauliflower-precut-1-each-3395313"><span class="sc-51f151be-0 ivFUFh"><img alt="" data-testid="product-image" loading="lazy" width="200" height="200" decoding="async" data-nimg="1" style="color:transparent;height:auto;max-width:100%;max-height:100%" srcSet="/_next/image?url=https%3A%2F%2Fcdn.productimages.coles.com.au%2Fproductimages%2F3%2F3395313.jpg&amp;w=256&amp;q=90 1x, /_next/image?url=https%3A%2F%2Fcdn.productimages.coles.com.au%2Fproductimages%2F3%2F3395313.jpg&amp;w=640&amp;q=90 2x" src="/_next/image?url=https%3A%2F%2Fcdn.productimages.coles.com.au%2Fproductimages%2F3%2F3395313.jpg&amp;w=640&amp;q=90"/></span></a></div></div></header></div><div class="product__message-title_area"><h2 class="sr-only css-10oefb9 e5c6fhg25">Coles Half Cauliflower Precut | 1 each</h2><a class="product__link product__link__analytics css-0 e5c6fhg22" tabindex="-1" href="/product/coles-half-cauliflower-precut-1-each-3395313"><h2 class="product__title" style="overflow:hidden;display:block">Coles Half Cauliflower Precut | 1 each</h2></a></div><div class="product__cta_section"><div class="product__pricing_area" data-testid="pricing"><section class="sc-8ee31a8b-0 gzRYHL product__pricing" data-testid="product_price"><div class="price"><span class="price__value" data-testid="product-pricing" aria-label="Price $3.50">$3.50</span><div class="sc-8ee31a8b-1 hMuHoF"></div></div><div class="sc-79c0c972-0 dbbkCW"><div class="price__calculation_method">$3.50/ 1ea</div></div><div class="price__calculation_additional_info"></div></section><div class="product__rating_area" data-testid="product-rating"><div data-bv-show="inline_rating" data-bv-product-id="3395313" data-bv-seo="false"></div></div><div class="product__availability_area" data-testid="product-availablity"></div></div><div data-testid="product-tile-cta-content" class="sc-dad300a8-0 hCZkYw"><div class="product__lists_cta_wrapper css-eyzank e5c6fhg7" data-testid="product-lists-cta-wrapper"><div class="css-fnf5lc e5c6fhg5"><div data-testid="add-to-cart" class="product__add_to_cart css-1d05ks6 emb2p810"><button data-testid="add-to-cart-button" aria-label="Add Coles Half Cauliflower Precut to the trolley" class="coles-targeting-ButtonButton button product-tiles-btn css-a6sib9 eqypkd90" data-rocket-comp="button"><span aria-hidden="false" class="coles-targeting-ButtonButtonChildContainer css-1eukx1d"><svg data-rocket-comp="IconCartAddOutline" focusable="false" xmlns="http://www.w3.org/2000/svg" width="24" height="24" viewBox="0 0 24 24"><g fill="none" fill-rule="evenodd"><path stroke="currentColor" stroke-linecap="round" stroke-linejoin="round" stroke-width="2" vector-effect="non-scaling-stroke" d="M8,22 C8.55228475,22 9,21.5522847 9,21 C9,20.4477153 8.55228475,20 8,20 C7.44771525,20 7,20.4477153 7,21 C7,21.5522847 7.44771525,22 8,22 Z M18,22 C18.5522847,22 19,21.5522847 19,21 C19,20.4477153 18.5522847,20 18,20 C17.4477153,20 17,20.4477153 17,21 C17,21.5522847 17.4477153,22 18,22 Z M2,3 L4.5,3 L6.68,14.39 C6.86873697,15.3402315 7.71138394,16.0185624 8.68,16 L17.4,16 C18.3686161,16.0185624 19.211263,15.3402315 19.4,14.39 L21,7 M13,12 L13,6 M10,9 L16,9"></path></g></svg>Add</span></button></div></div></div></div></div></section><section data-testid="product-tile" class="list-item css-4ilwn8 e5c6fhg8"><div><div class="css-1a59qno e5c6fhg26"><div class="sc-584f2ed2-0 eXcFun coles-targeting-ProductTileHat product-hat" data-testid="product-hat"></div></div></div><div tabindex="0" class="coles-targeting-ProductTileHeaderWrapper css-16n8xtn e5c6fhg12"><header class="product__header"><div class="coles-targeting-ProductTileImageWrapper css-79elbk e5c6fhg23"><div class="product__image_area"><a tabindex="-1" class="product__link product__image" aria-label="Coles Red Royale Potatoes Loose | approx. 170g" href="/product/coles-red-royale-potatoes-loose-approx.-170g-1181308"><span class="sc-51f151be-0 ivFUFh"><img alt="" data-testid="product-image" loading="lazy" width="200" height="200" decoding="async" data-nimg="1" style="color:transparent;height:auto;max-width:100%;max-height:100%" srcSet="/_next/image?url=https%3A%2F%2Fcdn.productimages.coles.com.au%2Fproductimages%2F1%2F1181308.jpg&amp;w=256&amp;q=90 1x, /_next/image?url=https%3A%2F%2Fcdn.productimages.coles.com.au%2Fproductimages%2F1%2F1181308.jpg&amp;w=640&amp;q=90 2x" src="/_next/image?url=https%3A%2F%2Fcdn.productimages.coles.com.au%2Fproductimages%2F1%2F1181308.jpg&amp;w=640&amp;q=90"/></span></a></div></div></header></div><div class="product__message-title_area"><h2 class="sr-only css-10oefb9 e5c6fhg25">Coles Red Royale Potatoes Loose | approx. 170g</h2><a class="product__link product__link__analytics css-0 e5c6fhg22" tabindex="-1" href="/product/coles-red-royale-potatoes-loose-approx.-170g-1181308"><h2 class="product__title" style="overflow:hidden;display:block">Coles Red Royale Potatoes Loose | approx. 170g</h2></a></div><div class="product__cta_section"><div class="product__pricing_area" data-testid="pricing"><section class="sc-8ee31a8b-0 gzRYHL product__pricing" data-testid="product_price"><div class="price"><span class="price__value" data-testid="product-pricing" aria-label="Price $0.90">$0.90</span><div class="sc-8ee31a8b-1 hMuHoF"></div></div><div class="sc-79c0c972-0 dbbkCW"><div class="price__calculation_method">$5.30/ 1kg</div></div><div class="price__calculation_additional_info"><span class="price__calculation_method__description">Final price is based on weight</span></div></section><div class="product__rating_area" data-testid="product-rating"><div data-bv-show="inline_rating" data-bv-product-id="1181308" data-bv-seo="false"></div></div><div class="product__availability_area" data-testid="product-availablity"></div></div><div data-testid="product-tile-cta-content" class="sc-dad300a8-0 hCZkYw"><div class="product__lists_cta_wrapper css-eyzank e5c6fhg7" data-testid="product-lists-cta-wrapper"><div class="css-fnf5lc e5c6fhg5"><div data-testid="add-to-cart" class="product__add_to_cart css-1d05ks6 emb2p810"><button data-testid="add-to-cart-button" aria-label="Add Coles Red Royale Potatoes Loose to the trolley" class="coles-targeting-ButtonButton button product-tiles-btn css-a6sib9 eqypkd90" data-rocket-comp="button"><span aria-hidden="false" class="coles-targeting-ButtonButtonChildContainer css-1eukx1d"><svg data-rocket-comp="IconCartAddOutline" focusable="false" xmlns="http://www.w3.org/2000/svg" width="24" height="24" viewBox="0 0 24 24"><g fill="none" fill-rule="evenodd"><path stroke="currentColor" stroke-linecap="round" stroke-linejoin="round" stroke-width="2" vector-effect="non-scaling-stroke" d="M8,22 C8.55228475,22 9,21.5522847 9,21 C9,20.4477153 8.55228475,20 8,20 C7.44771525,20 7,20.4477153 7,21 C7,21.5522847 7.44771525,22 8,22 Z M18,22 C18.5522847,22 19,21.5522847 19,21 C19,20.4477153 18.5522847,20 18,20 C17.4477153,20 17,20.4477153 17,21 C17,21.5522847 17.4477153,22 18,22 Z M2,3 L4.5,3 L6.68,14.39 C6.86873697,15.3402315 7.71138394,16.0185624 8.68,16 L17.4,16 C18.3686161,16.0185624 19.211263,15.3402315 19.4,14.39 L21,7 M13,12 L13,6 M10,9 L16,9"></path></g></svg>Add</span></button></div></div></div></div></div></section><section data-testid="product-tile" class="list-item css-4ilwn8 e5c6fhg8"><div><div class="css-1a59qno e5c6fhg26"><div class="sc-584f2ed2-0 eXcFun coles-targeting-ProductTileHat product-hat" data-testid="product-hat"></div></div></div><div tabindex="0" class="coles-targeting-ProductTileHeaderWrapper css-16n8xtn e5c6fhg12"><header class="product__header"><div class="coles-targeting-ProductTileImageWrapper css-79elbk e5c6fhg23"><div class="product__image_area"><a tabindex="-1" class="product__link product__image" aria-label="Coles Asian Choy Pak | 1 each" href="/product/coles-asian-choy-pak-1-each-4567039"><span class="sc-51f151be-0 ivFUFh"><img alt="" data-testid="product-image" loading="lazy" width="200" height="200" decoding="async" data-nimg="1" style="color:transparent;height:auto;max-width:100%;max-height:100%" srcSet="/_next/image?url=https%3A%2F%2Fcdn.productimages.coles.com.au%2Fproductimages%2F4%2F4567039.jpg&amp;w=256&amp;q=90 1x, /_next/image?url=https%3A%2F%2Fcdn.productimages.coles.com.au%2Fproductimages%2F4%2F4567039.jpg&amp;w=640&amp;q=90 2x" src="/_next/image?url=https%3A%2F%2Fcdn.productimages.coles.com.au%2Fproductimages%2F4%2F4567039.jpg&amp;w=640&amp;q=90"/></span></a></div></div></header></div><div class="product__message-title_area"><h2 class="sr-only css-10oefb9 e5c6fhg25">Coles Asian Choy Pak | 1 each</h2><a class="product__link product__link__analytics css-0 e5c6fhg22" tabindex="-1" href="/product/coles-asian-choy-pak-1-each-4567039"><h2 class="product__title" style="overflow:hidden;display:block">Coles Asian Choy Pak | 1 each</h2></a></div><div class="product__cta_section"><div class="product__pricing_area" data-testid="pricing"><section class="sc-8ee31a8b-0 gzRYHL product__pricing" data-testid="product_price"><div class="price"><span class="price__value" data-testid="product-pricing" aria-label="Price $2.90">$2.90</span><div class="sc-8ee31a8b-1 hMuHoF"></div></div><div class="sc-79c0c972-0 dbbkCW"><div class="price__calculation_method">$2.90/ 1ea</div></div><div class="price__calculation_additional_info"></div></section><div class="product__rating_area" data-testid="product-rating"><div data-bv-show="inline_rating" data-bv-product-id="4567039" data-bv-seo="false"></div></div><div class="product__availability_area" data-testid="product-availablity"></div></div><div data-testid="product-tile-cta-content" class="sc-dad300a8-0 hCZkYw"><div class="product__lists_cta_wrapper css-eyzank e5c6fhg7" data-testid="product-lists-cta-wrapper"><div class="css-fnf5lc e5c6fhg5"><div data-testid="add-to-cart" class="product__add_to_cart css-1d05ks6 emb2p810"><button data-testid="add-to-cart-button" aria-label="Add Coles Asian Choy Pak to the trolley" class="coles-targeting-ButtonButton button product-tiles-btn css-a6sib9 eqypkd90" data-rocket-comp="button"><span aria-hidden="false" class="coles-targeting-ButtonButtonChildContainer css-1eukx1d"><svg data-rocket-comp="IconCartAddOutline" focusable="false" xmlns="http://www.w3.org/2000/svg" width="24" height="24" viewBox="0 0 24 24"><g fill="none" fill-rule="evenodd"><path stroke="currentColor" stroke-linecap="round" stroke-linejoin="round" stroke-width="2" vector-effect="non-scaling-stroke" d="M8,22 C8.55228475,22 9,21.5522847 9,21 C9,20.4477153 8.55228475,20 8,20 C7.44771525,20 7,20.4477153 7,21 C7,21.5522847 7.44771525,22 8,22 Z M18,22 C18.5522847,22 19,21.5522847 19,21 C19,20.4477153 18.5522847,20 18,20 C17.4477153,20 17,20.4477153 17,21 C17,21.5522847 17.4477153,22 18,22 Z M2,3 L4.5,3 L6.68,14.39 C6.86873697,15.3402315 7.71138394,16.0185624 8.68,16 L17.4,16 C18.3686161,16.0185624 19.211263,15.3402315 19.4,14.39 L21,7 M13,12 L13,6 M10,9 L16,9"></path></g></svg>Add</span></button></div></div></div></div></div></section><section data-testid="product-tile" class="list-item css-4ilwn8 e5c6fhg8"><div><div class="css-1a59qno e5c6fhg26"><div class="sc-584f2ed2-0 eXcFun coles-targeting-ProductTileHat product-hat" data-testid="product-hat"></div></div></div><div tabindex="0" class="coles-targeting-ProductTileHeaderWrapper css-16n8xtn e5c6fhg12"><header class="product__header"><div class="coles-targeting-ProductTileImageWrapper css-79elbk e5c6fhg23"><div class="product__image_area"><a tabindex="-1" class="product__link product__image" aria-label="Coles Ginger Loose | approx. 130g" href="/product/coles-ginger-loose-approx.-130g-5034484"><span class="sc-51f151be-0 ivFUFh"><img alt="" data-testid="product-image" loading="lazy" width="200" height="200" decoding="async" data-nimg="1" style="color:transparent;height:auto;max-width:100%;max-height:100%" srcSet="/_next/image?url=https%3A%2F%2Fcdn.productimages.coles.com.au%2Fproductimages%2F5%2F5034484.jpg&amp;w=256&amp;q=90 1x, /_next/image?url=https%3A%2F%2Fcdn.productimages.coles.com.au%2Fproductimages%2F5%2F5034484.jpg&amp;w=640&amp;q=90 2x" src="/_next/image?url=https%3A%2F%2Fcdn.productimages.coles.com.au%2Fproductimages%2F5%2F5034484.jpg&amp;w=640&amp;q=90"/></span></a></div></div></header></div><div class="product__message-title_area"><h2 class="sr-only css-10oefb9 e5c6fhg25">Coles Ginger Loose | approx. 130g</h2><a class="product__link product__link__analytics css-0 e5c6fhg22" tabindex="-1" href="/product/coles-ginger-loose-approx.-130g-5034484"><h2 class="product__title" style="overflow:hidden;display:block">Coles Ginger Loose | approx. 130g</h2></a></div><div class="product__cta_section"><div class="product__pricing_area" data-testid="pricing"><section class="sc-8ee31a8b-0 gzRYHL product__pricing" data-testid="product_price"><div class="price"><span class="price__value" data-testid="product-pricing" aria-label="Price $5.07">$5.07</span><div class="sc-8ee31a8b-1 hMuHoF"></div></div><div class="sc-79c0c972-0 dbbkCW"><div class="price__calculation_method">$39.00/ 1kg</div></div><div class="price__calculation_additional_info"><span class="price__calculation_method__description">Final price is based on weight</span></div></section><div class="product__rating_area" data-testid="product-rating"><div data-bv-show="inline_rating" data-bv-product-id="5034484" data-bv-seo="false"></div></div><div class="product__availability_area" data-testid="product-availablity"></div></div><div data-testid="product-tile-cta-content" class="sc-dad300a8-0 hCZkYw"><div class="product__lists_cta_wrapper css-eyzank e5c6fhg7" data-testid="product-lists-cta-wrapper"><div class="css-fnf5lc e5c6fhg5"><div data-testid="add-to-cart" class="product__add_to_cart css-1d05ks6 emb2p810"><button data-testid="add-to-cart-button" aria-label="Add Coles Ginger Loose to the trolley" class="coles-targeting-ButtonButton button product-tiles-btn css-a6sib9 eqypkd90" data-rocket-comp="button"><span aria-hidden="false" class="coles-targeting-ButtonButtonChildContainer css-1eukx1d"><svg data-rocket-comp="IconCartAddOutline" focusable="false" xmlns="http://www.w3.org/2000/svg" width="24" height="24" viewBox="0 0 24 24"><g fill="none" fill-rule="evenodd"><path stroke="currentColor" stroke-linecap="round" stroke-linejoin="round" stroke-width="2" vector-effect="non-scaling-stroke" d="M8,22 C8.55228475,22 9,21.5522847 9,21 C9,20.4477153 8.55228475,20 8,20 C7.44771525,20 7,20.4477153 7,21 C7,21.5522847 7.44771525,22 8,22 Z M18,22 C18.5522847,22 19,21.5522847 19,21 C19,20.4477153 18.5522847,20 18,20 C17.4477153,20 17,20.4477153 17,21 C17,21.5522847 17.4477153,22 18,22 Z M2,3 L4.5,3 L6.68,14.39 C6.86873697,15.3402315 7.71138394,16.0185624 8.68,16 L17.4,16 C18.3686161,16.0185624 19.211263,15.3402315 19.4,14.39 L21,7 M13,12 L13,6 M10,9 L16,9"></path></g></svg>Add</span></button></div></div></div></div></div></section><section data-testid="product-tile" class="list-item css-4ilwn8 e5c6fhg8"><div><div class="css-1a59qno e5c6fhg26"><div class="sc-584f2ed2-0 eXcFun coles-targeting-ProductTileHat product-hat" data-testid="product-hat"></div></div></div><div tabindex="0" class="coles-targeting-ProductTileHeaderWrapper css-16n8xtn e5c6fhg12"><header class="product__header"><div class="coles-targeting-ProductTileImageWrapper css-79elbk e5c6fhg23"><div class="product__image_area"><a tabindex="-1" class="product__link product__image" aria-label="Coles Green Beans Prepacked | 375g" href="/product/coles-green-beans-prepacked-375g-4829204"><span class="sc-51f151be-0 ivFUFh"><img alt="" data-testid="product-image" loading="lazy" width="200" height="200" decoding="async" data-nimg="1" style="color:transparent;height:auto;max-width:100%;max-height:100%" srcSet="/_next/image?url=https%3A%2F%2Fcdn.productimages.coles.com.au%2Fproductimages%2F4%2F4829204.jpg&amp;w=256&amp;q=90 1x, /_next/image?url=https%3A%2F%2Fcdn.productimages.coles.com.au%2Fproductimages%2F4%2F4829204.jpg&amp;w=640&amp;q=90 2x" src="/_next/image?url=https%3A%2F%2Fcdn.productimages.coles.com.au%2Fproductimages%2F4%2F4829204.jpg&amp;w=640&amp;q=90"/></span></a></div><span data-testid="simple-fixed-price-specials" class="product__badge css-7g8o32 eaeedhw0"><span class="roundel-text simple-fixed-price-specials"><span></span>SPECIAL<span></span></span></span></div></header></div><div class="product__message-title_area"><h2 class="sr-only css-10oefb9 e5c6fhg25">Coles Green Beans Prepacked | 375g</h2><a class="product__link product__link__analytics css-0 e5c6fhg22" tabindex="-1" href="/product/coles-green-beans-prepacked-375g-4829204"><h2 class="product__title" style="overflow:hidden;display:block">Coles Green Beans Prepacked | 375g</h2></a></div><div class="product__cta_section"><div class="product__pricing_area" data-testid="pricing"><section class="sc-8ee31a8b-0 gzRYHL product__pricing" data-testid="product_price"><div class="price"><span class="price__value" data-testid="product-pricing" aria-label="Price $3.90">$3.90</span><div class="sc-8ee31a8b-1 hMuHoF"></div></div><div class="sc-79c0c972-0 dbbkCW"><div class="price__calculation_method">$10.40/ 1kg</div></div><div class="price__calculation_additional_info"></div></section><div class="product__rating_area" data-testid="product-rating"><div data-bv-show="inline_rating" data-bv-product-id="4829204" data-bv-seo="false"></div></div><div class="product__availability_area" data-testid="product-availablity"></div></div><div data-testid="product-tile-cta-content" class="sc-dad300a8-0 hCZkYw"><div class="product__lists_cta_wrapper css-eyzank e5c6fhg7" data-testid="product-lists-cta-wrapper"><div class="css-fnf5lc e5c6fhg5"><div data-testid="add-to-cart" class="product__add_to_cart css-1d05ks6 emb2p810"><button data-testid="add-to-cart-button" aria-label="Add Coles Green Beans Prepacked to the trolley" class="coles-targeting-ButtonButton button product-tiles-btn css-a6sib9 eqypkd90" data-rocket-comp="button"><span aria-hidden="false" class="coles-targeting-ButtonButtonChildContainer css-1eukx1d"><svg data-rocket-comp="IconCartAddOutline" focusable="false" xmlns="http://www.w3.org/2000/svg" width="24" height="24" viewBox="0 0 24 24"><g fill="none" fill-rule="evenodd"><path stroke="currentColor" stroke-linecap="round" stroke-linejoin="round" stroke-width="2" vector-effect="non-scaling-stroke" d="M8,22 C8.55228475,22 9,21.5522847 9,21 C9,20.4477153 8.55228475,20 8,20 C7.44771525,20 7,20.4477153 7,21 C7,21.5522847 7.44771525,22 8,22 Z M18,22 C18.5522847,22 19,21.5522847 19,21 C19,20.4477153 18.5522847,20 18,20 C17.4477153,20 17,20.4477153 17,21 C17,21.5522847 17.4477153,22 18,22 Z M2,3 L4.5,3 L6.68,14.39 C6.86873697,15.3402315 7.71138394,16.0185624 8.68,16 L17.4,16 C18.3686161,16.0185624 19.211263,15.3402315 19.4,14.39 L21,7 M13,12 L13,6 M10,9 L16,9"></path></g></svg>Add</span></button></div></div></div></div></div></section></div></div><div class="coles-targeting-StylesSearchStylesAutoPaginationWrapper css-14cunc4 ezqb8623"><nav data-testid="pagination" data-rocket-comp="pagination" aria-label="Pagination" class="coles-targeting-PaginationPaginationRoot css-1fkzvjp e1ls3p5b0"><ul class="coles-targeting-PaginationPaginationUl css-1bugksv e1ls3p5b1"><li><span type="previous" aria-label="Go to previous page" id="pagination-button-previous" aria-disabled="true" role="link" tabindex="-1" class="coles-targeting-ButtonButton button iconOnly coles-targeting-PaginationPaginationBoundaryButton e1ls3p5b3 disabled css-1l90rcn eqypkd90" data-rocket-comp="button"><span class="coles-targeting-ButtonButtonChildContainer css-uf5jpq"><svg data-rocket-comp="IconArrowLeftOutline" focusable="false" xmlns="http://www.w3.org/2000/svg" width="24" height="24" viewBox="0 0 24 24"><g fill="none" fill-rule="evenodd"><polyline stroke="currentColor" stroke-linecap="round" stroke-linejoin="round" stroke-width="2" vector-effect="non-scaling-stroke" points="12 18 12 6 18 12 12 6 6 12" transform="rotate(-90 12 12)"></polyline></g></svg></span></span></li><li><span class="MuiButtonBase-root MuiPaginationItem-root MuiPaginationItem-sizeMedium MuiPaginationItem-text MuiPaginationItem-circular Mui-selected MuiPaginationItem-page coles-targeting-PaginationPaginationItem e1ls3p5b4 css-yn3if" tabindex="0" aria-current="page" id="pagination-button-page-1" href="/search/products?q=vegetables">1</span></li><li><a class="MuiButtonBase-root MuiPaginationItem-root MuiPaginationItem-sizeMedium MuiPaginationItem-text MuiPaginationItem-circular MuiPaginationItem-page coles-targeting-PaginationPaginationItem e1ls3p5b4 css-yn3if" tabindex="0" id="pagination-button-page-2" href="/search/products?q=vegetables&amp;page=2">2</a></li><li><a class="MuiButtonBase-root MuiPaginationItem-root MuiPaginationItem-sizeMedium MuiPaginationItem-text MuiPaginationItem-circular MuiPaginationItem-page coles-targeting-PaginationPaginationItem e1ls3p5b4 css-yn3if" tabindex="0" id="pagination-button-page-3" href="/search/products?q=vegetables&amp;page=3">3</a></li><li><a class="MuiButtonBase-root MuiPaginationItem-root MuiPaginationItem-sizeMedium MuiPaginationItem-text MuiPaginationItem-circular MuiPaginationItem-page coles-targeting-PaginationPaginationItem e1ls3p5b4 css-yn3if" tabindex="0" id="pagination-button-page-4" href="/search/products?q=vegetables&amp;page=4">4</a></li><li><a class="MuiButtonBase-root MuiPaginationItem-root MuiPaginationItem-sizeMedium MuiPaginationItem-text MuiPaginationItem-circular MuiPaginationItem-page coles-targeting-PaginationPaginationItem e1ls3p5b4 css-yn3if" tabindex="0" id="pagination-button-page-5" href="/search/products?q=vegetables&amp;page=5">5</a></li><li><span class="sr-only">Pages 6
  to 10 are hidden. Use the
  previous and next buttons to navigate.</span><span aria-hidden="true"><div class="MuiPaginationItem-root MuiPaginationItem-sizeMedium MuiPaginationItem-text MuiPaginationItem-circular MuiPaginationItem-ellipsis coles-targeting-PaginationPaginationItem e1ls3p5b4 css-287lt"></div></span></li><li><a class="MuiButtonBase-root MuiPaginationItem-root MuiPaginationItem-sizeMedium MuiPaginationItem-text MuiPaginationItem-circular MuiPaginationItem-page coles-targeting-PaginationPaginationItem e1ls3p5b4 css-yn3if" tabindex="0" id="pagination-button-page-11" href="/search/products?q=vegetables&amp;page=11">11</a></li><li><a type="next" aria-label="Go to next page" id="pagination-button-next" href="/search/products?q=vegetables&amp;page=2" class="coles-targeting-ButtonButton button iconOnly coles-targeting-PaginationPaginationBoundaryButton e1ls3p5b3 css-1l90rcn eqypkd90" data-rocket-comp="button"><span class="coles-targeting-ButtonButtonChildContainer css-uf5jpq"><svg data-rocket-comp="IconArrowRightOutline" focusable="false" xmlns="http://www.w3.org/2000/svg" width="24" height="24" viewBox="0 0 24 24"><g fill="none" fill-rule="evenodd"><polyline stroke="currentColor" stroke-linecap="round" stroke-linejoin="round" stroke-width="2" vector-effect="non-scaling-stroke" points="12 18 12 6 18 12 12 6 6 12" transform="matrix(0 -1 -1 0 24 24)"></polyline></g></svg></span></a></li></ul><span role="status" aria-live="polite" class="sr-only">Page 1 of 11</span></nav></div><div id="cusp-medallia-search"></div><div></div></div><div role="tabpanel" id="search-tabs-tab-1" aria-labelledby="search-tabs-label-1" class="coles-targeting-TabsTabPanelPanel css-djkg3f"><span class="MuiSkeleton-root MuiSkeleton-rectangular MuiSkeleton-wave css-lqht9r" data-rocket-comp="skeleton" data-testid="recipe-list-skeleton-filter"></span><div data-testid="recipe-list-skeleton-cards" class="css-1u97vvw elu7ls70"><div class="css-w507g4 elu7ls71"><span class="MuiSkeleton-root MuiSkeleton-rectangular MuiSkeleton-wave css-1yy9p6o" data-rocket-comp="skeleton"></span></div><div class="css-w507g4 elu7ls71"><span class="MuiSkeleton-root MuiSkeleton-rectangular MuiSkeleton-wave css-1yy9p6o" data-rocket-comp="skeleton"></span></div><div class="css-w507g4 elu7ls71"><span class="MuiSkeleton-root MuiSkeleton-rectangular MuiSkeleton-wave css-1yy9p6o" data-rocket-comp="skeleton"></span></div></div></div></div></div></div></div></div><div id="coles-targeting-footer-container"><footer><div class="sc-1e084ce6-0 cLaEuC coles-targeting-FooterFooterWrapper"><div data-testid="footer-content-shop"><div class="sc-1e084ce6-1 fbDLqT coles-targeting-FooterFooterMenuSection"><div class="sc-1e084ce6-2 jxtVxV coles-targeting-FooterLinksContainer"><div data-testid="coles-menu-desktop" class="sc-1e084ce6-4 cIZrOK coles-targeting-FooterColesLinks"><div><div><h3 class="sc-1e084ce6-11">Customer help</h3><ul class="coles-links"><li><a data-rocket-comp="link" aria-label="Contact us" class="css-3x9xet e1ob2sjb0" href="/help/contact">Contact us</a></li><li><a data-rocket-comp="link" aria-label="Help Centre" class="css-3x9xet e1ob2sjb0" href="/help">Help Centre</a></li><li><a data-rocket-comp="link" aria-label="Staying safe online" class="css-3x9xet e1ob2sjb0" href="/help/safety/scam-warning">Staying safe online</a></li><li><a data-rocket-comp="link" aria-label="Returns &amp; refunds" class="css-3x9xet e1ob2sjb0" href="/help/product-returns">Returns &amp; refunds</a></li><li><a data-rocket-comp="link" aria-label="Product recalls" class="css-3x9xet e1ob2sjb0" href="/help/safety/product-recalls">Product recalls</a></li><li><a data-rocket-comp="link" aria-label="Accessibility" class="css-3x9xet e1ob2sjb0" href="/help/accessibility">Accessibility</a></li></ul></div></div><div><div><h3 class="sc-1e084ce6-11">Useful links</h3><ul class="coles-links"><li><a data-rocket-comp="link" aria-label="Stores near you" class="css-3x9xet e1ob2sjb0" href="/find-stores">Stores near you</a></li><li><a data-rocket-comp="link" aria-label="Browse Products" class="css-3x9xet e1ob2sjb0" href="/browse">Browse Products</a></li><li><a data-rocket-comp="link" aria-label="Coles magazines" class="css-3x9xet e1ob2sjb0" href="/coles-magazines?pid=magazinesfooter">Coles magazines</a></li><li><a data-rocket-comp="link" target="_blank" rel="noopener noreferrer" aria-label="Gift cards" class="css-3x9xet e1ob2sjb0" href="https://giftcards.com.au">Gift cards</a></li><li><a data-rocket-comp="link" aria-label="Coles Radio" class="css-3x9xet e1ob2sjb0" href="/help/coles-radio">Coles Radio</a></li><li><a data-rocket-comp="link" aria-label="Coles Plus" class="css-3x9xet e1ob2sjb0" href="/ways-to-shop/membership">Coles Plus</a></li><li><a data-rocket-comp="link" aria-label="Competition winners" class="css-3x9xet e1ob2sjb0" href="/offers/competition-winners">Competition winners</a></li></ul></div></div><div><div><h3 class="sc-1e084ce6-11">About Coles</h3><ul class="coles-links"><li><a data-rocket-comp="link" aria-label="Introducing us" class="css-3x9xet e1ob2sjb0" href="/about">Introducing us</a></li><li><a data-rocket-comp="link" aria-label="Our brands" class="css-3x9xet e1ob2sjb0" href="/about/our-brands">Our brands</a></li><li><a data-rocket-comp="link" target="_blank" rel="noopener noreferrer" aria-label="Careers" class="css-3x9xet e1ob2sjb0" href="https://colescareers.com.au/au/en/home">Careers</a></li><li><a data-rocket-comp="link" aria-label="Our history" class="css-3x9xet e1ob2sjb0" href="/about/our-history">Our history</a></li><li><a data-rocket-comp="link" aria-label="Sustainability at Coles" class="css-3x9xet e1ob2sjb0" href="/about/sustainability">Sustainability at Coles</a></li><li><a data-rocket-comp="link" target="_blank" rel="noopener noreferrer" aria-label="Media releases" class="css-3x9xet e1ob2sjb0" href="https://www.colesgroup.com.au/news/">Media releases</a></li><li><a data-rocket-comp="link" target="_blank" rel="noopener noreferrer" aria-label="Investor information" class="css-3x9xet e1ob2sjb0" href="https://www.colesgroup.com.au/investors">Investor information</a></li><li><a data-rocket-comp="link" aria-label="How Flybuys works" class="css-3x9xet e1ob2sjb0" href="/about/flybuys">How Flybuys works</a></li></ul></div></div></div></div><div class="sc-1e084ce6-5 brQryp coles-targeting-FooterSocialSection"><div><h3>Follow us</h3><ul class="social-links"><li><a href="https://www.facebook.com/coles" aria-label="Coles facebook" target="_blank" data-testid="social-icon-facebook" class="coles-targeting-ButtonButton button iconOnly css-vps133 eqypkd90" data-rocket-comp="button"><span class="coles-targeting-ButtonButtonChildContainer css-uf5jpq"><svg data-rocket-comp="IconSocialFacebookOutline" focusable="false" role="img" aria-label="social facebook" xmlns="http://www.w3.org/2000/svg" width="24" height="24" viewBox="0 0 24 24" fill="none"><path d="M18 2H15C13.6739 2 12.4021 2.52678 11.4645 3.46447C10.5268 4.40215 10 5.67392 10 7V10H7V14H10V22H14V14H17L18 10H14V7C14 6.73478 14.1054 6.48043 14.2929 6.29289C14.4804 6.10536 14.7348 6 15 6H18V2Z" stroke="currentColor" stroke-width="2" stroke-linecap="round" stroke-linejoin="round"></path></svg></span></a></li><li><a href="https://www.instagram.com/colessupermarkets" aria-label="Coles instagram" target="_blank" data-testid="social-icon-instagram" class="coles-targeting-ButtonButton button iconOnly css-vps133 eqypkd90" data-rocket-comp="button"><span class="coles-targeting-ButtonButtonChildContainer css-uf5jpq"><svg data-rocket-comp="IconSocialInstagramOutline" focusable="false" role="img" aria-label="social instagram" xmlns="http://www.w3.org/2000/svg" width="24" height="24" viewBox="0 0 24 24" fill="none"><path d="M17.5 6.5H17.51M7 2H17C19.7614 2 22 4.23858 22 7V17C22 19.7614 19.7614 22 17 22H7C4.23858 22 2 19.7614 2 17V7C2 4.23858 4.23858 2 7 2ZM16 11.37C16.1234 12.2022 15.9813 13.0522 15.5938 13.799C15.2063 14.5458 14.5932 15.1514 13.8416 15.5297C13.0901 15.9079 12.2385 16.0396 11.4078 15.9059C10.5771 15.7723 9.80977 15.3801 9.21485 14.7852C8.61993 14.1902 8.22774 13.4229 8.09408 12.5922C7.96042 11.7615 8.09208 10.9099 8.47034 10.1584C8.8486 9.40685 9.4542 8.79374 10.201 8.40624C10.9478 8.01874 11.7978 7.87658 12.63 8C13.4789 8.12588 14.2649 8.52146 14.8717 9.1283C15.4785 9.73515 15.8741 10.5211 16 11.37Z" stroke="currentColor" stroke-width="2" stroke-linecap="round" stroke-linejoin="round"></path></svg></span></a></li><li><a href="https://au.linkedin.com/company/coles" aria-label="Coles linkedin" target="_blank" data-testid="social-icon-linkedin" class="coles-targeting-ButtonButton button iconOnly css-vps133 eqypkd90" data-rocket-comp="button"><span class="coles-targeting-ButtonButtonChildContainer css-uf5jpq"><svg data-rocket-comp="IconSocialLinkedInOutline" focusable="false" role="img" aria-label="social linkedIn" xmlns="http://www.w3.org/2000/svg" width="24" height="24" viewBox="0 0 24 24" fill="none"><path d="M16 8C17.5913 8 19.1174 8.63214 20.2426 9.75736C21.3679 10.8826 22 12.4087 22 14V21H18V14C18 13.4696 17.7893 12.9609 17.4142 12.5858C17.0391 12.2107 16.5304 12 16 12C15.4696 12 14.9609 12.2107 14.5858 12.5858C14.2107 12.9609 14 13.4696 14 14V21H10V14C10 12.4087 10.6321 10.8826 11.7574 9.75736C12.8826 8.63214 14.4087 8 16 8Z" stroke="currentColor" stroke-width="2" stroke-linecap="round" stroke-linejoin="round"></path><path d="M6 9H2V21H6V9Z" stroke="currentColor" stroke-width="2" stroke-linecap="round" stroke-linejoin="round"></path><path d="M4 6C5.10457 6 6 5.10457 6 4C6 2.89543 5.10457 2 4 2C2.89543 2 2 2.89543 2 4C2 5.10457 2.89543 6 4 6Z" stroke="currentColor" stroke-width="2" stroke-linecap="round" stroke-linejoin="round"></path></svg></span></a></li><li><a href="https://www.youtube.com/coles" aria-label="Coles youtube" target="_blank" data-testid="social-icon-youtube" class="coles-targeting-ButtonButton button iconOnly css-vps133 eqypkd90" data-rocket-comp="button"><span class="coles-targeting-ButtonButtonChildContainer css-uf5jpq"><svg data-rocket-comp="IconSocialYouTubeOutline" focusable="false" role="img" aria-label="social youtube" xmlns="http://www.w3.org/2000/svg" width="24" height="24" viewBox="0 0 24 24" fill="none"><path d="M22.5401 6.42C22.4213 5.94541 22.1794 5.51057 21.8387 5.15941C21.4981 4.80824 21.0708 4.55318 20.6001 4.42C18.8801 4 12.0001 4 12.0001 4C12.0001 4 5.12008 4 3.40008 4.46C2.92933 4.59318 2.50206 4.84824 2.16143 5.19941C1.8208 5.55057 1.57887 5.98541 1.46008 6.46C1.1453 8.20556 0.991319 9.97631 1.00008 11.75C0.988863 13.537 1.14285 15.3213 1.46008 17.08C1.59104 17.5398 1.83839 17.9581 2.17823 18.2945C2.51806 18.6308 2.9389 18.8738 3.40008 19C5.12008 19.46 12.0001 19.46 12.0001 19.46C12.0001 19.46 18.8801 19.46 20.6001 19C21.0708 18.8668 21.4981 18.6118 21.8387 18.2606C22.1794 17.9094 22.4213 17.4746 22.5401 17C22.8524 15.2676 23.0064 13.5103 23.0001 11.75C23.0113 9.96295 22.8573 8.1787 22.5401 6.42Z" stroke="currentColor" stroke-width="2" stroke-linecap="round" stroke-linejoin="round"></path><path d="M9.75006 15.02L15.5001 11.75L9.75006 8.47998V15.02Z" stroke="currentColor" stroke-width="2" stroke-linecap="round" stroke-linejoin="round"></path></svg></span></a></li></ul></div><div><h3>Download the Coles app</h3><div class="coles-app"><ul class="sc-1e084ce6-6 cgMwZm coles-targeting-FooterAppLinksWrapper"><li><a href="https://apps.apple.com/au/app/coles/id529118855" target="_blank" rel="noreferrer" data-testid="app-store"><img alt="Download on the App Store" loading="lazy" width="120" height="42" decoding="async" data-nimg="1" class="app-store" style="color:transparent" src="/images/IconColesAppStore.svg"/></a></li><li><a href="https://play.google.com/store/apps/details?id=com.coles.android.shopmate&amp;hl=en_AU" target="_blank" rel="noreferrer" data-testid="google-play"><img alt="Get it on Google Play" loading="lazy" width="132" height="42" decoding="async" data-nimg="1" class="google-play" style="color:transparent" src="/images/IconColesGooglePlay.svg"/></a></li></ul></div></div></div></div><div class="sc-1e084ce6-7 bRDEMZ coles-targeting-FooterBrandSection"><h3>Explore our brands</h3><div class="brand-links"><ul class="sc-1e084ce6-8 eaErgc coles-targeting-FooterBrandLinkWrapper"><li><a href="https://www.coles.com.au/about/our-businesses/coles-local" class="sc-1e084ce6-9 fUZoGT coles-targeting-FooterColesBrandLinks" target="" rel="noreferrer"><img alt="Coles Local" loading="lazy" width="470" height="282" decoding="async" data-nimg="1" style="color:transparent" src="/images/IconBrandColesLocal.svg"/></a></li><li><a href="https://www.liquorland.com.au/" class="sc-1e084ce6-9 fUZoGT coles-targeting-FooterColesBrandLinks" target="_blank" rel="noreferrer"><img alt="Liquorland" loading="lazy" width="470" height="282" decoding="async" data-nimg="1" style="color:transparent" src="/images/IconBrandColesLiquorland.svg"/></a></li><li><a href="https://www.liquorconnection.com.au/" class="sc-1e084ce6-9 fUZoGT coles-targeting-FooterColesBrandLinks" target="_blank" rel="noreferrer"><img alt="Liquor Connection" loading="lazy" width="470" height="282" decoding="async" data-nimg="1" style="color:transparent" src="/images/IconBrandLiquorConnection.svg"/></a></li><li><a href="https://www.coles.com.au/insurance" class="sc-1e084ce6-9 fUZoGT coles-targeting-FooterColesBrandLinks" target="" rel="noreferrer"><img alt="Coles Insurance" loading="lazy" width="470" height="282" decoding="async" data-nimg="1" style="color:transparent" src="/images/IconBrandColesInsuranceLogo.svg"/></a></li><li><a href="https://www.coles.com.au/credit-cards" class="sc-1e084ce6-9 fUZoGT coles-targeting-FooterColesBrandLinks" target="" rel="noreferrer"><img alt="Coles Credit Cards" loading="lazy" width="470" height="282" decoding="async" data-nimg="1" style="color:transparent" src="/images/IconBrandColesCreditCardsLogo.svg"/></a></li><li><a href="https://www.coles.com.au/personal-loans" class="sc-1e084ce6-9 fUZoGT coles-targeting-FooterColesBrandLinks" target="" rel="noreferrer"><img alt="Coles Personal Loans" loading="lazy" width="470" height="282" decoding="async" data-nimg="1" style="color:transparent" src="/images/IconBrandColesPersonalLoans.svg"/></a></li><li><a href="/about/who-we-are/businesses/coles-mobile" class="sc-1e084ce6-9 fUZoGT coles-targeting-FooterColesBrandLinks" target="" rel="noreferrer"><img alt="Coles Mobile" loading="lazy" width="470" height="282" decoding="async" data-nimg="1" style="color:transparent" src="/images/IconBrandColesMobile.svg"/></a></li><li><a href="https://www.colesgroup.com.au/" class="sc-1e084ce6-9 fUZoGT coles-targeting-FooterColesBrandLinks" target="" rel="noreferrer"><img alt="Coles Group" loading="lazy" width="470" height="282" decoding="async" data-nimg="1" style="color:transparent" src="/images/IconBrandColesGroup.svg"/></a></li><li><a href="https://coles.com.au/business" class="sc-1e084ce6-9 fUZoGT coles-targeting-FooterColesBrandLinks" target="" rel="noreferrer"><img alt="Coles For Business" loading="lazy" width="470" height="282" decoding="async" data-nimg="1" style="color:transparent" src="/images/IconBrandColesBusiness.svg"/></a></li><li><a href="https://swaggle.com.au/?utm_source=ColesWebsite&amp;utm_medium=Backlink&amp;utm_campaign=SwaggleLaunch&amp;utm_content=ExploreOurBrands" class="sc-1e084ce6-9 fUZoGT coles-targeting-FooterColesBrandLinks" target="_blank" rel="noreferrer"><img alt="Coles Swaggle" loading="lazy" width="470" height="282" decoding="async" data-nimg="1" style="color:transparent" src="/images/IconBrandColesSwaggle.svg"/></a></li><li><a href="https://giftcards.com.au" class="sc-1e084ce6-9 fUZoGT coles-targeting-FooterColesBrandLinks" target="_blank" rel="noreferrer"><img alt="Coles Gift Cards" loading="lazy" width="470" height="282" decoding="async" data-nimg="1" style="color:transparent" src="/images/IconBrandColesGiftCards.svg"/></a></li><li><a href="https://colespay.com.au/" class="sc-1e084ce6-9 fUZoGT coles-targeting-FooterColesBrandLinks" target="_blank" rel="noreferrer"><img alt="Coles Pay" loading="lazy" width="470" height="282" decoding="async" data-nimg="1" style="color:transparent" src="/images/IconBrandColesPay.svg"/></a></li></ul></div></div></div></div><div data-testid="disclaimer-section" class="sc-1e084ce6-10 fgUI coles-targeting-FooterDisclaimerSectionWrapper"><div class="sc-236a0669-1 gByfR coles-targeting-FooterDisclaimerSection"><div><div class="sc-236a0669-3 cPLDvG coles-targeting-FooterCol1"><img alt="Choose to DrinkWise Logo, Logo ID25" loading="lazy" width="100" height="78" decoding="async" data-nimg="1" style="color:transparent" src="/images/IconColesDrinkWiseID25Desktop.svg"/><div>No alcohol can be sold or supplied to anyone under 18. It&#x27;s against the law. It&#x27;s an offence to supply liquor to a person under the age of 18 years. All liquor products are sold and supplied by Liquorland (Australia) Pty Ltd. For more specific legislation in your state or territory, and to view our liquor and tobacco licences, visit our<!-- --> <a data-rocket-comp="link" href="/important-information/orders-with-liquor-tobacco" class="css-xsesst e1ob2sjb0">help page</a>. To voluntarily exclude yourself from being able to purchase liquor online at Coles, please<!-- --> <a data-rocket-comp="link" href="/help/enquiry?path=Online-shopping%2FLiquor-enquiry" class="css-xsesst e1ob2sjb0">contact us</a>.</div></div><div class="sc-236a0669-4 gCyFHQ coles-targeting-FooterCol2"><div class="sc-236a0669-2 dqRiMb"><ul class="sc-236a0669-0 heIHkK coles-targeting-FooterDisclaimerLinks"><li><a data-rocket-comp="link" href="/important-information/privacy-policy" class="css-xsesst e1ob2sjb0">Privacy policy</a></li><li><a data-rocket-comp="link" href="/important-information/terms/website-terms-conditions" class="css-xsesst e1ob2sjb0">Terms and conditions</a></li><li><a data-rocket-comp="link" href="/important-information/customer-agreement" class="css-xsesst e1ob2sjb0">Customer agreement</a></li><li><a data-rocket-comp="link" href="https://www.coles.com.au/sitemap" class="css-xsesst e1ob2sjb0">Sitemap</a></li></ul><div id="footer-copyright">Coles Online - Hawthorn East, Victoria Australia 3123  Copyright Coles <!-- -->2026</div></div></div></div></div></div></footer></div></div><div></div></div><script id="__NEXT_DATA__" type="application/json">{"props":{"pageProps":{"serverSideOutageConfig":null,"assetsUrl":"https://cdn.productimages.coles.com.au/productimages","isMobile":false,"searchResults":{"didYouMean":null,"noOfResults":493,"start":0,"pageSize":48,"keyword":"vegetables","resultType":1,"searchUid":"4cada589-20d4-4eaf-9b77-5720b4b83833","alternateResult":false,"filters":[{"name":"Brand","values":[{"id":"2054261924","displayText":"Always Fresh","count":1},{"id":"3522777420","displayText":"Ardmona","count":7},{"id":"3512338364","displayText":"Avofresh","count":2},{"id":"550756816","displayText":"Birds Eye","count":20},{"id":"3496361083","displayText":"CAMPBELLS","count":2},{"id":"4141122466","displayText":"Carmelina","count":10},{"id":"3955134709","displayText":"Coles","count":325,"brand":"Coles"},{"id":"2905575587","displayText":"Countree","count":1},{"id":"546232673","displayText":"Cucina Matese","count":2,"brand":"Coles"},{"id":"195634552","displayText":"Deb","count":1},{"id":"2962699168","displayText":"Decor","count":1},{"id":"1627959452","displayText":"Dolmio","count":1},{"id":"668477876","displayText":"Dragon","count":2},{"id":"3773309294","displayText":"Edgell","count":41},{"id":"1786121870","displayText":"Freshology","count":2},{"id":"2267503763","displayText":"Gaganis","count":2},{"id":"3719119404","displayText":"Golden Circle","count":4},{"id":"1393433095","displayText":"Gourmet Garden","count":13},{"id":"1865474564","displayText":"Heinz","count":6},{"id":"1065312780","displayText":"Herbert Adams","count":1},{"id":"3579503471","displayText":"Hoyts","count":1},{"id":"1596379982","displayText":"Leggos","count":2},{"id":"3608098219","displayText":"Lion Brand","count":1},{"id":"1318309359","displayText":"Masterfoods","count":1},{"id":"2777273841","displayText":"Mccain","count":12},{"id":"3617894861","displayText":"Mutti","count":12},{"id":"3124703298","displayText":"Natures Nutrients","count":1},{"id":"3146406568","displayText":"Nutri V","count":4},{"id":"2544231056","displayText":"Olympian","count":1},{"id":"4248225129","displayText":"Ottogi","count":2},{"id":"12556494","displayText":"Poonsin","count":1},{"id":"3299131622","displayText":"Praise","count":1},{"id":"528710140","displayText":"Rosella","count":1},{"id":"2317778531","displayText":"Sandhurst","count":1},{"id":"3414211678","displayText":"Seacrown","count":1},{"id":"3209851433","displayText":"Sofrito","count":1},{"id":"3702867455","displayText":"Spudlite","count":1},{"id":"3330816713","displayText":"Table\u0026Tale","count":1},{"id":"1647157367","displayText":"Three Threes","count":2},{"id":"777566461","displayText":"Ujinotsuyu","count":1},{"id":"987561913","displayText":"Why Meat","count":1}]},{"name":"Allergen","values":[{"id":"9","displayText":"Gluten Free","count":4},{"id":"1005","displayText":"Free from Artificial Flavours","count":1},{"id":"7","displayText":"Free from Artificial Colours","count":1},{"id":"8","displayText":"Free from Artificial Preservatives","count":1}]},{"name":"Dietary","values":[{"id":"1023","displayText":"No Artificial Flavours or Colours","count":72},{"id":"1032","displayText":"Organic","count":50},{"id":"1030","displayText":"GMO Free","count":34},{"id":"1033","displayText":"Vegan","count":34},{"id":"24","displayText":"Source of Dietary Fibre","count":29},{"id":"33","displayText":"Vegetarian","count":15},{"id":"22","displayText":"No Preservatives","count":10},{"id":"1025","displayText":"Source of Vitamin C","count":9},{"id":"31","displayText":"Halal","count":8},{"id":"21","displayText":"No Added Sugars","count":7},{"id":"20","displayText":"No Added Salt","count":6},{"id":"19","displayText":"No Added Colours","count":5},{"id":"32","displayText":"Kosher","count":4},{"id":"17","displayText":"High in Fibre","count":3},{"id":"1018","displayText":"99% Fat Free","count":2}]},{"name":"Special","values":[{"id":"allspecials","displayText":"All specials","count":91},{"id":"multibuy","displayText":"Multi buy","count":44},{"id":"halfprice","displayText":"Half price","count":1}]}],"banners":[],"pageRestrictions":{"tobaccoProducts":false,"restrictedByOrganisationProducts":false},"results":[{"_type":"PRODUCT","id":407755,"adId":null,"adSource":null,"featured":false,"name":"Broccoli Medium","brand":"Coles","description":"BROCCOLI:MEDIUM:.:PER KG","size":"approx. 340g","availability":true,"availabilityType":"InStoreAndOnline","availableQuantity":82,"imageUris":[{"altText":"","type":"default","uri":"/4/407755.jpg"}],"locations":[{"aisleSide":"Front of Store","description":"Located in Fresh produce at $STORE","facing":0,"aisle":"Fresh produce","order":0,"shelf":null}],"restrictions":{"retailLimit":50,"promotionalLimit":50,"liquorAgeRestrictionFlag":false,"tobaccoAgeRestrictionFlag":false,"restrictedByOrganisation":false,"delivery":["REMOTE SERVICE"]},"merchandiseHeir":{"tradeProfitCentre":"FRESH PROD","categoryGroup":"VEGETABLES/SALAD","category":"SOFT VEGETABLES","subCategory":"BROCCOLI","className":"REGULAR"},"onlineHeirs":[{"aisle":"Broccoli \u0026 Cauliflower","category":"Vegetables","subCategory":"Fruit \u0026 Vegetables","categoryId":"1303","aisleId":"549876","subCategoryId":"2100"},{"aisle":"Vegetables","category":"Best of Summer","subCategory":"Fruit \u0026 Vegetables","categoryId":"699689408","aisleId":"699689507","subCategoryId":"2100"}],"pricing":{"now":2.72,"was":0,"unit":{"quantity":340,"ofMeasureQuantity":1,"ofMeasureUnits":"g","price":8,"ofMeasureType":"g","isWeighted":true,"isIncremental":false},"comparable":"$8.00/ 1kg","onlineSpecial":false}},{"_type":"SINGLE_TILE","adId":"campaigns_search_tile_half-price_always-on","adSource":"aem","campaignName":"/content/dam/coles-onesite/contentfragment/ecommerce-supplier-media/cfc-targeted-content/tiles/quite-like/1-2-price-specials111111","expiry":null,"headingText":null,"bannerText":"This week's half-price specials","bannerTextColour":null,"ctaFlag":null,"ctaText":"Shop half-price","ctaTextAccessibility":null,"ctaLink":"https://www.coles.com.au/on-special?filter_Special=halfprice\u0026page=1\u0026pid=campaigns_search_tile_half-price_always-on","backgroundColour":null,"backgroundImage":"/content/dam/coles/cusp/online-campaign-creatives/content-tiles/cta-tile-476x240px-BG-MegaSale.jpg","backgroundImagePosition":null,"secondaryBackgroundImage":null,"secondaryBackgroundImagePosition":null,"heroImage":"/content/dam/coles/cusp/online-campaign-creatives/content-tiles/roundel_Specials_halfprice-200x200.png","heroImageAltText":"Half-price roundel","secondaryHeroImage":null,"secondaryHeroImageAltText":null,"productIds":["5191256","9006560","3571948"],"additionalFields":[{"id":"description","value":"Half-price specials change every week."},{"id":"singleTileTheme","value":"dark"}],"mbox":"mbox-search-quitelike","displayLoader":true},{"_type":"PRODUCT","id":9006560,"adId":null,"adSource":null,"featured":false,"name":"Carrots","brand":"Coles","description":"CARROTS:PREPACK:.:1 KG","size":"1Kg","availability":true,"availabilityType":"InStoreAndOnline","availableQuantity":261,"imageUris":[{"altText":"","type":"default","uri":"/9/9006560.jpg"}],"locations":[{"aisleSide":"Front of Store","description":"Located in Fresh produce at $STORE","facing":0,"aisle":"Fresh produce","order":0,"shelf":null}],"restrictions":{"retailLimit":50,"promotionalLimit":50,"liquorAgeRestrictionFlag":false,"tobaccoAgeRestrictionFlag":false,"restrictedByOrganisation":false,"delivery":["REMOTE SERVICE"]},"merchandiseHeir":{"tradeProfitCentre":"FRESH PROD","categoryGroup":"VEGETABLES/SALAD","category":"HARD VEGETABLES","subCategory":"CARROTS","className":"REGULAR"},"onlineHeirs":[{"aisle":"Carrots \u0026 Parsnips","category":"Vegetables","subCategory":"Fruit \u0026 Vegetables","categoryId":"1303","aisleId":"541654","subCategoryId":"2100"},{"aisle":"Vegetables","category":"Best of Summer","subCategory":"Fruit \u0026 Vegetables","categoryId":"699689408","aisleId":"699689507","subCategoryId":"2100"}],"pricing":{"now":1.7,"was":0,"unit":{"quantity":1,"ofMeasureQuantity":1,"ofMeasureUnits":"kg","price":1.7,"ofMeasureType":"kg","isWeighted":false,"isIncremental":false},"comparable":"$1.70/ 1kg","promotionType":"SPECIAL","onlineSpecial":false}},{"_type":"PRODUCT","id":4910506,"adId":null,"adSource":null,"featured":false,"name":"Green Zucchini","brand":"Coles","description":"ZUCCHINI:GREEN:.:PER KG","size":"approx. 200g","availability":true,"availabilityType":"InStoreAndOnline","availableQuantity":45,"imageUris":[{"altText":"","type":"default","uri":"/4/4910506.jpg"}],"locations":[{"aisleSide":"Front of Store","description":"Located in Fresh produce at $STORE","facing":0,"aisle":"Fresh produce","order":0,"shelf":null}],"restrictions":{"retailLimit":50,"promotionalLimit":50,"liquorAgeRestrictionFlag":false,"tobaccoAgeRestrictionFlag":false,"restrictedByOrganisation":false,"delivery":["REMOTE SERVICE"]},"merchandiseHeir":{"tradeProfitCentre":"FRESH PROD","categoryGroup":"VEGETABLES/SALAD","category":"VINE VEGETABLES","subCategory":"ZUCCHINI","className":"GREEN"},"onlineHeirs":[{"aisle":"Zucchini \u0026 Squash","category":"Vegetables","subCategory":"Fruit \u0026 Vegetables","categoryId":"1303","aisleId":"215676","subCategoryId":"2100"}],"pricing":{"now":1.18,"was":0,"unit":{"quantity":200,"ofMeasureQuantity":1,"ofMeasureUnits":"g","price":5.9,"ofMeasureType":"g","isWeighted":true,"isIncremental":false},"comparable":"$5.90/ 1kg","onlineSpecial":false}},{"_type":"PRODUCT","id":4597109,"adId":null,"adSource":null,"featured":false,"name":"Tomatoes Gourmet","brand":"Coles","description":"TOMATOES:GOURMET:.:PER KG","size":"approx. 130g","availability":true,"availabilityType":"InStoreAndOnline","availableQuantity":77,"imageUris":[{"altText":"","type":"default","uri":"/4/4597109.jpg"}],"locations":[{"aisleSide":"Front of Store","description":"Located in Fresh produce at $STORE","facing":0,"aisle":"Fresh produce","order":0,"shelf":null}],"restrictions":{"retailLimit":50,"promotionalLimit":50,"liquorAgeRestrictionFlag":false,"tobaccoAgeRestrictionFlag":false,"restrictedByOrganisation":false,"delivery":["REMOTE SERVICE"]},"merchandiseHeir":{"tradeProfitCentre":"FRESH PROD","categoryGroup":"VEGETABLES/SALAD","category":"TOMATOES","subCategory":"TOMATOES","className":"GOURMET"},"onlineHeirs":[{"aisle":"Tomatoes","category":"Vegetables","subCategory":"Fruit \u0026 Vegetables","categoryId":"1303","aisleId":"465794","subCategoryId":"2100"}],"pricing":{"now":0.77,"was":0,"unit":{"quantity":130,"ofMeasureQuantity":1,"ofMeasureUnits":"g","price":5.9,"ofMeasureType":"g","isWeighted":true,"isIncremental":false},"comparable":"$5.90/ 1kg","onlineSpecial":false}},{"_type":"PRODUCT","id":4580208,"adId":null,"adSource":null,"featured":false,"name":"Red Capsicum Loose","brand":"Coles","description":"CAPSICUM RED:LOOSE:.:PER KG","size":"approx. 220g","availability":true,"availabilityType":"InStoreAndOnline","availableQuantity":43,"imageUris":[{"altText":"","type":"default","uri":"/4/4580208.jpg"}],"locations":[{"aisleSide":"Front of Store","description":"Located in Fresh produce at $STORE","facing":0,"aisle":"Fresh produce","order":0,"shelf":null}],"restrictions":{"retailLimit":50,"promotionalLimit":50,"liquorAgeRestrictionFlag":false,"tobaccoAgeRestrictionFlag":false,"restrictedByOrganisation":false,"delivery":["REMOTE SERVICE"]},"merchandiseHeir":{"tradeProfitCentre":"FRESH PROD","categoryGroup":"VEGETABLES/SALAD","category":"VINE VEGETABLES","subCategory":"CAPSICUMS","className":"RED"},"onlineHeirs":[{"aisle":"Capsicum","category":"Vegetables","subCategory":"Fruit \u0026 Vegetables","categoryId":"1303","aisleId":"478946","subCategoryId":"2100"}],"pricing":{"now":2.18,"was":0,"unit":{"quantity":220,"ofMeasureQuantity":1,"ofMeasureUnits":"g","price":9.9,"ofMeasureType":"g","isWeighted":true,"isIncremental":false},"comparable":"$9.90/ 1kg","onlineSpecial":false}},{"_type":"PRODUCT","id":4575605,"adId":null,"adSource":null,"featured":false,"name":"Cucumbers Continental Loose","brand":"Coles","description":"COLES CUCUMBERS CONTINENTAL:LOOSE:.:1 EACH","size":"1 Each","availability":true,"availabilityType":"InStoreAndOnline","availableQuantity":279,"imageUris":[{"altText":"","type":"default","uri":"/4/4575605.jpg"}],"locations":[{"aisleSide":"Front of Store","description":"Located in Fresh produce at $STORE","facing":0,"aisle":"Fresh produce","order":0,"shelf":null}],"restrictions":{"retailLimit":50,"promotionalLimit":50,"liquorAgeRestrictionFlag":false,"tobaccoAgeRestrictionFlag":false,"restrictedByOrganisation":false,"delivery":["REMOTE SERVICE"]},"merchandiseHeir":{"tradeProfitCentre":"FRESH PROD","categoryGroup":"VEGETABLES/SALAD","category":"VINE VEGETABLES","subCategory":"CUCUMBERS","className":"CONTINENTAL"},"onlineHeirs":[{"aisle":"Cucumber","category":"Vegetables","subCategory":"Fruit \u0026 Vegetables","categoryId":"1303","aisleId":"564657","subCategoryId":"2100"},{"aisle":"Vegetables","category":"Best of Summer","subCategory":"Fruit \u0026 Vegetables","categoryId":"699689408","aisleId":"699689507","subCategoryId":"2100"}],"pricing":{"now":2.5,"was":0,"unit":{"quantity":1,"ofMeasureQuantity":1,"ofMeasureUnits":"ea","price":2.5,"ofMeasureType":"ea","isWeighted":false,"isIncremental":false},"comparable":"$2.50/ 1ea","onlineSpecial":false}},{"_type":"PRODUCT","id":4584071,"adId":null,"adSource":null,"featured":false,"name":"Iceberg Lettuce","brand":"Coles","description":"LETTUCE ICEBERG::.:1 EACH","size":"1 Each","availability":true,"availabilityType":"InStoreAndOnline","availableQuantity":144,"imageUris":[{"altText":"","type":"default","uri":"/4/4584071.jpg"}],"locations":[{"aisleSide":"Front of Store","description":"Located in Fresh produce at $STORE","facing":0,"aisle":"Fresh produce","order":0,"shelf":null}],"restrictions":{"retailLimit":50,"promotionalLimit":50,"liquorAgeRestrictionFlag":false,"tobaccoAgeRestrictionFlag":false,"restrictedByOrganisation":false,"delivery":["REMOTE SERVICE"]},"merchandiseHeir":{"tradeProfitCentre":"FRESH PROD","categoryGroup":"VEGETABLES/SALAD","category":"SOFT VEGETABLES","subCategory":"DECORATIVE LETTUCE","className":"ICEBERG"},"onlineHeirs":[{"aisle":"Lettuce","category":"Vegetables","subCategory":"Fruit \u0026 Vegetables","categoryId":"1303","aisleId":"1313","subCategoryId":"2100"},{"aisle":"Vegetables","category":"Best of Summer","subCategory":"Fruit \u0026 Vegetables","categoryId":"699689408","aisleId":"699689507","subCategoryId":"2100"}],"pricing":{"now":3.5,"was":0,"unit":{"quantity":1,"ofMeasureQuantity":1,"ofMeasureUnits":"ea","price":3.5,"ofMeasureType":"ea","isWeighted":false,"isIncremental":false},"comparable":"$3.50/ 1ea","onlineSpecial":false}},{"_type":"PRODUCT","id":4628676,"adId":null,"adSource":null,"featured":false,"name":"Tomatoes Greenhouse Truss","brand":"Coles","description":"TOMATOES GREENHOUSE:TRUSS:.:PER KG","size":"approx. 130g","availability":true,"availabilityType":"InStoreAndOnline","availableQuantity":308,"imageUris":[{"altText":"","type":"default","uri":"/4/4628676.jpg"}],"locations":[{"aisleSide":"Front of Store","description":"Located in Fresh produce at $STORE","facing":0,"aisle":"Fresh produce","order":0,"shelf":null}],"restrictions":{"retailLimit":50,"promotionalLimit":50,"liquorAgeRestrictionFlag":false,"tobaccoAgeRestrictionFlag":false,"restrictedByOrganisation":false,"delivery":["REMOTE SERVICE"]},"merchandiseHeir":{"tradeProfitCentre":"FRESH PROD","categoryGroup":"VEGETABLES/SALAD","category":"TOMATOES","subCategory":"TOMATOES","className":"HYDROPONIC"},"onlineHeirs":[{"aisle":"Tomatoes","category":"Vegetables","subCategory":"Fruit \u0026 Vegetables","categoryId":"1303","aisleId":"465794","subCategoryId":"2100"},{"aisle":"Vegetables","category":"Best of Summer","subCategory":"Fruit \u0026 Vegetables","categoryId":"699689408","aisleId":"699689507","subCategoryId":"2100"}],"pricing":{"now":0.46,"was":0,"unit":{"quantity":130,"ofMeasureQuantity":1,"ofMeasureUnits":"g","price":3.5,"ofMeasureType":"g","isWeighted":true,"isIncremental":false},"comparable":"$3.50/ 1kg","promotionType":"SPECIAL","onlineSpecial":false}},{"_type":"PRODUCT","id":4199503,"adId":null,"adSource":null,"featured":false,"name":"Potatoes Sweet Gold","brand":"Coles","description":"POTATOES SWEET GOLD:.:PER KG","size":"approx. 500g","availability":true,"availabilityType":"InStoreAndOnline","availableQuantity":79,"imageUris":[{"altText":"","type":"default","uri":"/4/4199503.jpg"}],"locations":[{"aisleSide":"Front of Store","description":"Located in Fresh produce at $STORE","facing":0,"aisle":"Fresh produce","order":0,"shelf":null}],"restrictions":{"retailLimit":50,"promotionalLimit":50,"liquorAgeRestrictionFlag":false,"tobaccoAgeRestrictionFlag":false,"restrictedByOrganisation":false,"delivery":["REMOTE SERVICE"]},"merchandiseHeir":{"tradeProfitCentre":"FRESH PROD","categoryGroup":"VEGETABLES/SALAD","category":"POTATOES","subCategory":"SWEET POTATOES","className":"LOOSE"},"onlineHeirs":[{"aisle":"Potatoes","category":"Vegetables","subCategory":"Fruit \u0026 Vegetables","categoryId":"1303","aisleId":"545475","subCategoryId":"2100"}],"pricing":{"now":2,"was":0,"unit":{"quantity":500,"ofMeasureQuantity":1,"ofMeasureUnits":"g","price":4,"ofMeasureType":"g","isWeighted":true,"isIncremental":false},"comparable":"$4.00/ 1kg","onlineSpecial":false}},{"_type":"PRODUCT","id":4575208,"adId":null,"adSource":null,"featured":false,"name":"Lebanese Cucumbers","brand":"Coles","description":"CUCUMBERS LEBANESE:LOOSE:.:PER KG","size":"approx. 160g","availability":true,"availabilityType":"InStoreAndOnline","availableQuantity":98,"imageUris":[{"altText":"","type":"default","uri":"/4/4575208.jpg"}],"locations":[{"aisleSide":"Front of Store","description":"Located in Fresh produce at $STORE","facing":0,"aisle":"Fresh produce","order":0,"shelf":null}],"restrictions":{"retailLimit":50,"promotionalLimit":50,"liquorAgeRestrictionFlag":false,"tobaccoAgeRestrictionFlag":false,"restrictedByOrganisation":false,"delivery":["REMOTE SERVICE"]},"merchandiseHeir":{"tradeProfitCentre":"FRESH PROD","categoryGroup":"VEGETABLES/SALAD","category":"VINE VEGETABLES","subCategory":"CUCUMBERS","className":"LEBANESE"},"onlineHeirs":[{"aisle":"Cucumber","category":"Vegetables","subCategory":"Fruit \u0026 Vegetables","categoryId":"1303","aisleId":"564657","subCategoryId":"2100"},{"aisle":"Vegetables","category":"Best of Summer","subCategory":"Fruit \u0026 Vegetables","categoryId":"699689408","aisleId":"699689507","subCategoryId":"2100"}],"pricing":{"now":0.62,"was":0,"unit":{"quantity":160,"ofMeasureQuantity":1,"ofMeasureUnits":"g","price":3.9,"ofMeasureType":"g","isWeighted":true,"isIncremental":false},"comparable":"$3.90/ 1kg","promotionType":"SPECIAL","onlineSpecial":false}},{"_type":"PRODUCT","id":4601603,"adId":null,"adSource":null,"featured":false,"name":"Cauliflower Medium","brand":"Coles","description":"CAULIFLOWER:MEDIUM:.:1 EACH","size":"1 Each","availability":true,"availabilityType":"InStoreAndOnline","availableQuantity":41,"imageUris":[{"altText":"","type":"default","uri":"/4/4601603.jpg"}],"locations":[{"aisleSide":"Front of Store","description":"Located in Fresh produce at $STORE","facing":0,"aisle":"Fresh produce","order":0,"shelf":null}],"restrictions":{"retailLimit":50,"promotionalLimit":50,"liquorAgeRestrictionFlag":false,"tobaccoAgeRestrictionFlag":false,"restrictedByOrganisation":false,"delivery":["REMOTE SERVICE"]},"merchandiseHeir":{"tradeProfitCentre":"FRESH PROD","categoryGroup":"VEGETABLES/SALAD","category":"SOFT VEGETABLES","subCategory":"CAULIFLOWER","className":"REGULAR"},"onlineHeirs":[{"aisle":"Broccoli \u0026 Cauliflower","category":"Vegetables","subCategory":"Fruit \u0026 Vegetables","categoryId":"1303","aisleId":"549876","subCategoryId":"2100"},{"aisle":"Vegetables","category":"Best of Summer","subCategory":"Fruit \u0026 Vegetables","categoryId":"699689408","aisleId":"699689507","subCategoryId":"2100"}],"pricing":{"now":5.9,"was":0,"unit":{"quantity":1,"ofMeasureQuantity":1,"ofMeasureUnits":"ea","price":5.9,"ofMeasureType":"ea","isWeighted":false,"isIncremental":false},"comparable":"$5.90/ 1ea","onlineSpecial":false}},{"_type":"PRODUCT","id":4594010,"adId":null,"adSource":null,"featured":false,"name":"Fresh Loose Cup Mushrooms","brand":"Coles","description":"MUSHROOMS:CUP:.:PER KG","size":"approx. 200g","availability":true,"availabilityType":"InStoreAndOnline","availableQuantity":25,"imageUris":[{"altText":"","type":"default","uri":"/4/4594010.jpg"}],"locations":[{"aisleSide":"Front of Store","description":"Located in Fresh produce at $STORE","facing":0,"aisle":"Fresh produce","order":0,"shelf":null}],"restrictions":{"retailLimit":50,"promotionalLimit":50,"liquorAgeRestrictionFlag":false,"tobaccoAgeRestrictionFlag":false,"restrictedByOrganisation":false,"delivery":["REMOTE SERVICE"]},"merchandiseHeir":{"tradeProfitCentre":"FRESH PROD","categoryGroup":"VEGETABLES/SALAD","category":"MUSHROOMS","subCategory":"WHITE MUSHROOMS","className":"WHITE KG"},"onlineHeirs":[{"aisle":"Mushrooms","category":"Vegetables","subCategory":"Fruit \u0026 Vegetables","categoryId":"1303","aisleId":"545641","subCategoryId":"2100"}],"pricing":{"now":2.5,"was":0,"unit":{"quantity":200,"ofMeasureQuantity":1,"ofMeasureUnits":"g","price":12.5,"ofMeasureType":"g","isWeighted":true,"isIncremental":false},"comparable":"$12.50/ 1kg","onlineSpecial":false}},{"_type":"PRODUCT","id":4834736,"adId":null,"adSource":null,"featured":false,"name":"Cherry Tomatoes","brand":"Coles","description":"TOMATOES CHERRY:PREPACK:.:250 GRAM","size":"250g","availability":true,"availabilityType":"InStoreAndOnline","availableQuantity":100,"imageUris":[{"altText":"","type":"default","uri":"/4/4834736.jpg"}],"locations":[{"aisleSide":"Front of Store","description":"Located in Fresh produce at $STORE","facing":0,"aisle":"Fresh produce","order":0,"shelf":null}],"restrictions":{"retailLimit":50,"promotionalLimit":50,"liquorAgeRestrictionFlag":false,"tobaccoAgeRestrictionFlag":false,"restrictedByOrganisation":false,"delivery":["REMOTE SERVICE"]},"merchandiseHeir":{"tradeProfitCentre":"FRESH PROD","categoryGroup":"VEGETABLES/SALAD","category":"TOMATOES","subCategory":"TOMATOES P/P","className":"CHERRY"},"onlineHeirs":[{"aisle":"Tomatoes","category":"Vegetables","subCategory":"Fruit \u0026 Vegetables","categoryId":"1303","aisleId":"465794","subCategoryId":"2100"}],"pricing":{"now":3,"was":0,"unit":{"quantity":1,"ofMeasureQuantity":1,"ofMeasureUnits":"kg","price":12,"ofMeasureType":"kg","isWeighted":false,"isIncremental":false},"comparable":"$12.00/ 1kg","onlineSpecial":false}},{"_type":"PRODUCT","id":4803991,"adId":null,"adSource":null,"featured":false,"name":"Brown Onions","brand":"Coles","description":"COLES ONIONS:BROWN:.:1 KG","size":"1kg","availability":true,"availabilityType":"InStoreAndOnline","availableQuantity":158,"imageUris":[{"altText":"","type":"default","uri":"/4/4803991.jpg"}],"locations":[{"aisleSide":"Front of Store","description":"Located in Fresh produce at $STORE","facing":0,"aisle":"Fresh produce","order":0,"shelf":null}],"restrictions":{"retailLimit":50,"promotionalLimit":50,"liquorAgeRestrictionFlag":false,"tobaccoAgeRestrictionFlag":false,"restrictedByOrganisation":false,"delivery":["REMOTE SERVICE"]},"merchandiseHeir":{"tradeProfitCentre":"FRESH PROD","categoryGroup":"VEGETABLES/SALAD","category":"HARD VEGETABLES","subCategory":"ONION","className":"BROWN"},"onlineHeirs":[{"aisle":"Onion \u0026 Leeks","category":"Vegetables","subCategory":"Fruit \u0026 Vegetables","categoryId":"1303","aisleId":"646512","subCategoryId":"2100"},{"aisle":"Vegetables","category":"Best of Summer","subCategory":"Fruit \u0026 Vegetables","categoryId":"699689408","aisleId":"699689507","subCategoryId":"2100"}],"pricing":{"now":2.9,"was":0,"unit":{"quantity":1,"ofMeasureQuantity":1,"ofMeasureUnits":"kg","price":2.9,"ofMeasureType":"kg","isWeighted":false,"isIncremental":false},"comparable":"$2.90/ 1kg","onlineSpecial":false}},{"_type":"PRODUCT","id":4202540,"adId":null,"adSource":null,"featured":false,"name":"Kent Pumpkin Cut","brand":"Coles","description":"PUMPKIN WRAP:KENT:.:PER KG","size":"approx. 800g","availability":true,"availabilityType":"InStoreAndOnline","imageUris":[{"altText":"","type":"default","uri":"/4/4202540.jpg"}],"locations":[{"aisleSide":"Front of Store","description":"Located in Fresh produce at $STORE","facing":0,"aisle":"Fresh produce","order":0,"shelf":null}],"restrictions":{"retailLimit":50,"promotionalLimit":50,"liquorAgeRestrictionFlag":false,"tobaccoAgeRestrictionFlag":false,"restrictedByOrganisation":false,"delivery":["REMOTE SERVICE","OVN"]},"merchandiseHeir":{"tradeProfitCentre":"FRESH PROD","categoryGroup":"VEGETABLES/SALAD","category":"HARD VEGETABLES","subCategory":"PUMPKIN","className":"KENT"},"onlineHeirs":[{"aisle":"Pumpkin","category":"Vegetables","subCategory":"Fruit \u0026 Vegetables","categoryId":"1303","aisleId":"454676","subCategoryId":"2100"},{"aisle":"Vegetables","category":"Best of Summer","subCategory":"Fruit \u0026 Vegetables","categoryId":"699689408","aisleId":"699689507","subCategoryId":"2100"}],"pricing":{"now":2.8,"was":0,"unit":{"quantity":800,"ofMeasureQuantity":1,"ofMeasureUnits":"g","price":3.5,"ofMeasureType":"g","isWeighted":true,"isIncremental":false},"comparable":"$3.50/ 1kg","onlineSpecial":false}},{"_type":"PRODUCT","id":4218459,"adId":null,"adSource":null,"featured":false,"name":"Onions Red Local","brand":"Coles","description":"ONIONS:RED:LOCAL:.:PER KG","size":"approx. 200g","availability":true,"availabilityType":"InStoreAndOnline","availableQuantity":29,"imageUris":[{"altText":"","type":"default","uri":"/4/4218459.jpg"}],"locations":[{"aisleSide":"Front of Store","description":"Located in Fresh produce at $STORE","facing":0,"aisle":"Fresh produce","order":0,"shelf":null}],"restrictions":{"retailLimit":50,"promotionalLimit":50,"liquorAgeRestrictionFlag":false,"tobaccoAgeRestrictionFlag":false,"restrictedByOrganisation":false,"delivery":["REMOTE SERVICE"]},"merchandiseHeir":{"tradeProfitCentre":"FRESH PROD","categoryGroup":"VEGETABLES/SALAD","category":"HARD VEGETABLES","subCategory":"ONION","className":"RED"},"onlineHeirs":[{"aisle":"Onion \u0026 Leeks","category":"Vegetables","subCategory":"Fruit \u0026 Vegetables","categoryId":"1303","aisleId":"646512","subCategoryId":"2100"}],"pricing":{"now":1.1,"was":0,"unit":{"quantity":200,"ofMeasureQuantity":1,"ofMeasureUnits":"g","price":5.5,"ofMeasureType":"g","isWeighted":true,"isIncremental":false},"comparable":"$5.50/ 1kg","onlineSpecial":false}},{"_type":"PRODUCT","id":408419,"adId":null,"adSource":null,"featured":false,"name":"Spring Onions","brand":"Coles","description":" ONIONS:SPRING:.:1 BUNCH","size":"1 Bunch","availability":true,"availabilityType":"InStoreAndOnline","availableQuantity":135,"imageUris":[{"altText":"","type":"default","uri":"/4/408419.jpg"}],"locations":[{"aisleSide":"Front of Store","description":"Located in Fresh produce at $STORE","facing":0,"aisle":"Fresh produce","order":0,"shelf":null}],"restrictions":{"retailLimit":50,"promotionalLimit":50,"liquorAgeRestrictionFlag":false,"tobaccoAgeRestrictionFlag":false,"restrictedByOrganisation":false,"delivery":["REMOTE SERVICE"]},"merchandiseHeir":{"tradeProfitCentre":"FRESH PROD","categoryGroup":"VEGETABLES/SALAD","category":"BUNCH LINES","subCategory":"BUNCH","className":"SPRING ONIONS"},"onlineHeirs":[{"aisle":"Onion \u0026 Leeks","category":"Vegetables","subCategory":"Fruit \u0026 Vegetables","categoryId":"1303","aisleId":"646512","subCategoryId":"2100"},{"aisle":"Vegetables","category":"Best of Summer","subCategory":"Fruit \u0026 Vegetables","categoryId":"699689408","aisleId":"699689507","subCategoryId":"2100"}],"pricing":{"now":2.9,"was":0,"unit":{"quantity":1,"ofMeasureQuantity":1,"ofMeasureUnits":"ea","price":2.9,"ofMeasureType":"ea","isWeighted":false,"isIncremental":false},"comparable":"$2.90/ 1ea","onlineSpecial":false}},{"_type":"PRODUCT","id":4562603,"adId":null,"adSource":null,"featured":false,"name":"Sweet Corn","brand":"Coles","description":"CORN SWEET:LOOSE:.:1 EACH","size":"1 Each","availability":true,"availabilityType":"InStoreAndOnline","availableQuantity":1021,"imageUris":[{"altText":"","type":"default","uri":"/4/4562603.jpg"}],"locations":[{"aisleSide":"Front of Store","description":"Located in Fresh produce at $STORE","facing":0,"aisle":"Fresh produce","order":0,"shelf":null}],"restrictions":{"retailLimit":50,"promotionalLimit":50,"liquorAgeRestrictionFlag":false,"tobaccoAgeRestrictionFlag":false,"restrictedByOrganisation":false,"delivery":["REMOTE SERVICE"]},"merchandiseHeir":{"tradeProfitCentre":"FRESH PROD","categoryGroup":"VEGETABLES/SALAD","category":"SOFT VEGETABLES","subCategory":"SWEETCORN","className":"REGULAR"},"onlineHeirs":[{"aisle":"Corn","category":"Vegetables","subCategory":"Fruit \u0026 Vegetables","categoryId":"1303","aisleId":"35546754","subCategoryId":"2100"},{"aisle":"Vegetables","category":"Best of Summer","subCategory":"Fruit \u0026 Vegetables","categoryId":"699689408","aisleId":"699689507","subCategoryId":"2100"}],"pricing":{"now":1,"was":0,"unit":{"quantity":1,"ofMeasureQuantity":1,"ofMeasureUnits":"ea","price":1,"ofMeasureType":"ea","isWeighted":false,"isIncremental":false},"comparable":"$1.00/ 1ea","promotionType":"SPECIAL","onlineSpecial":false}},{"_type":"PRODUCT","id":4838737,"adId":null,"adSource":null,"featured":false,"name":"Green Asparagus","brand":"Coles","description":"ASPARAGUS:GREEN:.:1 BUNCH","size":"1 each","availability":true,"availabilityType":"InStoreAndOnline","availableQuantity":71,"imageUris":[{"altText":"","type":"default","uri":"/4/4838737.jpg"}],"locations":[{"aisleSide":"Front of Store","description":"Located in Fresh produce at $STORE","facing":0,"aisle":"Fresh produce","order":0,"shelf":null}],"restrictions":{"retailLimit":50,"promotionalLimit":50,"liquorAgeRestrictionFlag":false,"tobaccoAgeRestrictionFlag":false,"restrictedByOrganisation":false,"delivery":["REMOTE SERVICE"]},"merchandiseHeir":{"tradeProfitCentre":"FRESH PROD","categoryGroup":"VEGETABLES/SALAD","category":"BUNCH LINES","subCategory":"ASPARAGUS","className":"GREEN"},"onlineHeirs":[{"aisle":"Asparagus, Fennel \u0026 Artichokes","category":"Vegetables","subCategory":"Fruit \u0026 Vegetables","categoryId":"1303","aisleId":"789146","subCategoryId":"2100"}],"pricing":{"now":4.5,"was":0,"unit":{"quantity":1,"ofMeasureQuantity":1,"ofMeasureUnits":"ea","price":4.5,"ofMeasureType":"ea","isWeighted":false,"isIncremental":false},"comparable":"$4.50/ 1ea","onlineSpecial":false}},{"_type":"PRODUCT","id":7214862,"adId":null,"adSource":null,"featured":false,"name":"Capsicum Green Loose","brand":"Coles","description":"CAPSICUM GREEN:LOOSE:.:PER KG","size":"approx. 220g","availability":true,"availabilityType":"InStoreAndOnline","availableQuantity":23,"imageUris":[{"altText":"","type":"default","uri":"/7/7214862.jpg"}],"locations":[{"aisleSide":"Front of Store","description":"Located in Fresh produce at $STORE","facing":0,"aisle":"Fresh produce","order":0,"shelf":null}],"restrictions":{"retailLimit":50,"promotionalLimit":50,"liquorAgeRestrictionFlag":false,"tobaccoAgeRestrictionFlag":false,"restrictedByOrganisation":false,"delivery":["REMOTE SERVICE"]},"merchandiseHeir":{"tradeProfitCentre":"FRESH PROD","categoryGroup":"VEGETABLES/SALAD","category":"VINE VEGETABLES","subCategory":"CAPSICUMS","className":"GREEN"},"onlineHeirs":[{"aisle":"Capsicum","category":"Vegetables","subCategory":"Fruit \u0026 Vegetables","categoryId":"1303","aisleId":"478946","subCategoryId":"2100"}],"pricing":{"now":2.18,"was":0,"unit":{"quantity":220,"ofMeasureQuantity":1,"ofMeasureUnits":"g","price":9.9,"ofMeasureType":"g","isWeighted":true,"isIncremental":false},"comparable":"$9.90/ 1kg","onlineSpecial":false}},{"_type":"PRODUCT","id":407675,"adId":null,"adSource":null,"featured":false,"name":"Green Beans Loose","brand":"Coles","description":"BEANS:GREEN:PER KG","size":"approx. 200g","availability":true,"availabilityType":"InStoreAndOnline","availableQuantity":20,"imageUris":[{"altText":"","type":"default","uri":"/4/407675.jpg"}],"locations":[{"aisleSide":"Front of Store","description":"Located in Fresh produce at $STORE","facing":0,"aisle":"Fresh produce","order":0,"shelf":null}],"restrictions":{"retailLimit":50,"promotionalLimit":50,"liquorAgeRestrictionFlag":false,"tobaccoAgeRestrictionFlag":false,"restrictedByOrganisation":false,"delivery":["REMOTE SERVICE"]},"merchandiseHeir":{"tradeProfitCentre":"FRESH PROD","categoryGroup":"VEGETABLES/SALAD","category":"SOFT VEGETABLES","subCategory":"BEANS","className":"GREEN"},"onlineHeirs":[{"aisle":"Peas \u0026 Beans","category":"Vegetables","subCategory":"Fruit \u0026 Vegetables","categoryId":"1303","aisleId":"637948","subCategoryId":"2100"},{"aisle":"Vegetables","category":"Best of Summer","subCategory":"Fruit \u0026 Vegetables","categoryId":"699689408","aisleId":"699689507","subCategoryId":"2100"}],"pricing":{"now":1.5,"was":0,"unit":{"quantity":200,"ofMeasureQuantity":1,"ofMeasureUnits":"g","price":7.5,"ofMeasureType":"g","isWeighted":true,"isIncremental":false},"comparable":"$7.50/ 1kg","onlineSpecial":false}},{"_type":"PRODUCT","id":5982477,"adId":null,"adSource":null,"featured":false,"name":"Baby Broccoli","brand":"Coles","description":"BROCCOLI:BABY:.:1BUNCH","size":"1 Bunch","availability":true,"availabilityType":"InStoreAndOnline","availableQuantity":134,"imageUris":[{"altText":"","type":"default","uri":"/5/5982477.jpg"}],"locations":[{"aisleSide":"Front of Store","description":"Located in Fresh produce at $STORE","facing":0,"aisle":"Fresh produce","order":0,"shelf":null}],"restrictions":{"retailLimit":50,"promotionalLimit":50,"liquorAgeRestrictionFlag":false,"tobaccoAgeRestrictionFlag":false,"restrictedByOrganisation":false,"delivery":["REMOTE SERVICE"]},"merchandiseHeir":{"tradeProfitCentre":"FRESH PROD","categoryGroup":"VEGETABLES/SALAD","category":"SOFT VEGETABLES","subCategory":"BABY BROCCOLI","className":"BABY BROCCOLI"},"onlineHeirs":[{"aisle":"Broccoli \u0026 Cauliflower","category":"Vegetables","subCategory":"Fruit \u0026 Vegetables","categoryId":"1303","aisleId":"549876","subCategoryId":"2100"},{"aisle":"Vegetables","category":"Best of Summer","subCategory":"Fruit \u0026 Vegetables","categoryId":"699689408","aisleId":"699689507","subCategoryId":"2100"}],"pricing":{"now":3.3,"was":0,"unit":{"quantity":1,"ofMeasureQuantity":1,"ofMeasureUnits":"ea","price":3.3,"ofMeasureType":"ea","isWeighted":false,"isIncremental":false},"comparable":"$3.30/ 1ea","onlineSpecial":false}},{"_type":"PRODUCT","id":4190600,"adId":null,"adSource":null,"featured":false,"name":"Wrapped Butternut Pumpkin","brand":"Coles","description":"BUTTERNUT PUMPKIN WRAPPED:BUTTERNUT:.:PER KG","size":"approx. 700g each","availability":true,"availabilityType":"InStoreAndOnline","imageUris":[{"altText":"","type":"default","uri":"/4/4190600.jpg"}],"locations":[{"aisleSide":"Front of Store","description":"Located in Fresh produce at $STORE","facing":0,"aisle":"Fresh produce","order":0,"shelf":null}],"restrictions":{"retailLimit":50,"promotionalLimit":50,"liquorAgeRestrictionFlag":false,"tobaccoAgeRestrictionFlag":false,"restrictedByOrganisation":false,"delivery":["REMOTE SERVICE","OVN"]},"merchandiseHeir":{"tradeProfitCentre":"FRESH PROD","categoryGroup":"VEGETABLES/SALAD","category":"HARD VEGETABLES","subCategory":"PUMPKIN","className":"BUTTERNUT"},"onlineHeirs":[{"aisle":"Pumpkin","category":"Vegetables","subCategory":"Fruit \u0026 Vegetables","categoryId":"1303","aisleId":"454676","subCategoryId":"2100"},{"aisle":"Vegetables","category":"Best of Summer","subCategory":"Fruit \u0026 Vegetables","categoryId":"699689408","aisleId":"699689507","subCategoryId":"2100"}],"pricing":{"now":2.45,"was":0,"unit":{"quantity":700,"ofMeasureQuantity":1,"ofMeasureUnits":"g","price":3.5,"ofMeasureType":"g","isWeighted":true,"isIncremental":false},"comparable":"$3.50/ 1kg","onlineSpecial":false}},{"_type":"PRODUCT","id":4239517,"adId":null,"adSource":null,"featured":false,"name":"Loose Brown Onions","brand":"Coles","description":"LOOSE BROWN ONIONS:BROWN:.:PER KG","size":"approx. 200g","availability":true,"availabilityType":"InStoreAndOnline","availableQuantity":71,"imageUris":[{"altText":"","type":"default","uri":"/4/4239517.jpg"}],"locations":[{"aisleSide":"Front of Store","description":"Located in Fresh produce at $STORE","facing":0,"aisle":"Fresh produce","order":0,"shelf":null}],"restrictions":{"retailLimit":50,"promotionalLimit":50,"liquorAgeRestrictionFlag":false,"tobaccoAgeRestrictionFlag":false,"restrictedByOrganisation":false,"delivery":["REMOTE SERVICE"]},"merchandiseHeir":{"tradeProfitCentre":"FRESH PROD","categoryGroup":"VEGETABLES/SALAD","category":"HARD VEGETABLES","subCategory":"ONION","className":"BROWN"},"onlineHeirs":[{"aisle":"Onion \u0026 Leeks","category":"Vegetables","subCategory":"Fruit \u0026 Vegetables","categoryId":"1303","aisleId":"646512","subCategoryId":"2100"}],"pricing":{"now":0.78,"was":0,"unit":{"quantity":200,"ofMeasureQuantity":1,"ofMeasureUnits":"g","price":3.9,"ofMeasureType":"g","isWeighted":true,"isIncremental":false},"comparable":"$3.90/ 1kg","onlineSpecial":false}},{"_type":"PRODUCT","id":7265535,"adId":null,"adSource":null,"featured":false,"name":"Perino Red Grape Tomatoes","brand":"Coles","description":"TOMATOES GRAPE RED:PERINO:.:200 GRAM","size":"200g","availability":true,"availabilityType":"InStoreAndOnline","availableQuantity":50,"imageUris":[{"altText":"","type":"default","uri":"/7/7265535.jpg"}],"locations":[{"aisleSide":"Front of Store","description":"Located in Fresh produce at $STORE","facing":0,"aisle":"Fresh produce","order":0,"shelf":null}],"restrictions":{"retailLimit":50,"promotionalLimit":50,"liquorAgeRestrictionFlag":false,"tobaccoAgeRestrictionFlag":false,"restrictedByOrganisation":false,"delivery":["REMOTE SERVICE"]},"merchandiseHeir":{"tradeProfitCentre":"FRESH PROD","categoryGroup":"VEGETABLES/SALAD","category":"TOMATOES","subCategory":"TOMATOES P/P","className":"GRAPE"},"onlineHeirs":[{"aisle":"Tomatoes","category":"Vegetables","subCategory":"Fruit \u0026 Vegetables","categoryId":"1303","aisleId":"465794","subCategoryId":"2100"},{"aisle":"Vegetables","category":"Best of Summer","subCategory":"Fruit \u0026 Vegetables","categoryId":"699689408","aisleId":"699689507","subCategoryId":"2100"}],"pricing":{"now":3.9,"was":0,"unit":{"quantity":1,"ofMeasureQuantity":1,"ofMeasureUnits":"kg","price":19.5,"ofMeasureType":"kg","isWeighted":false,"isIncremental":false},"comparable":"$19.50/ 1kg","onlineSpecial":false}},{"_type":"PRODUCT","id":4578148,"adId":null,"adSource":null,"featured":false,"name":"Baby Cucumbers","brand":"Coles","description":"QUKES:BABY:.:250 GRAM","size":"250g","availability":true,"availabilityType":"InStoreAndOnline","availableQuantity":323,"imageUris":[{"altText":"","type":"default","uri":"/4/4578148.jpg"}],"locations":[{"aisleSide":"Front of Store","description":"Located in Fresh produce at $STORE","facing":0,"aisle":"Fresh produce","order":0,"shelf":null}],"restrictions":{"retailLimit":20,"promotionalLimit":12,"liquorAgeRestrictionFlag":false,"tobaccoAgeRestrictionFlag":false,"restrictedByOrganisation":false,"delivery":["REMOTE SERVICE"]},"merchandiseHeir":{"tradeProfitCentre":"FRESH PROD","categoryGroup":"VEGETABLES/SALAD","category":"VINE VEGETABLES","subCategory":"CUCUMBERS","className":"OTHER"},"onlineHeirs":[{"aisle":"Cucumber","category":"Vegetables","subCategory":"Fruit \u0026 Vegetables","categoryId":"1303","aisleId":"564657","subCategoryId":"2100"},{"aisle":"Fruit, Nuts \u0026 Vegetable Snacks","category":"Lunchbox Snacks","subCategory":"Back To School","categoryId":"701890311","aisleId":"701890342","subCategoryId":"8904801"}],"pricing":{"now":3,"was":0,"unit":{"quantity":1,"ofMeasureQuantity":1,"ofMeasureUnits":"kg","price":12,"ofMeasureType":"kg","isWeighted":false,"isIncremental":false},"comparable":"$12.00/ 1kg","promotionType":"SPECIAL","onlineSpecial":false}},{"_type":"PRODUCT","id":4646485,"adId":null,"adSource":null,"featured":false,"name":"Lettuce Cos Baby Hearts","brand":"Coles","description":"COLES LETTUCE COS BABY:HEARTS:.:2 PACK","size":"2 Pack","availability":true,"availabilityType":"InStoreAndOnline","availableQuantity":92,"imageUris":[{"altText":"","type":"default","uri":"/4/4646485.jpg"}],"locations":[{"aisleSide":"Front of Store","description":"Located in Fresh produce at $STORE","facing":0,"aisle":"Fresh produce","order":0,"shelf":null}],"restrictions":{"retailLimit":50,"promotionalLimit":50,"liquorAgeRestrictionFlag":false,"tobaccoAgeRestrictionFlag":false,"restrictedByOrganisation":false,"delivery":["REMOTE SERVICE"]},"merchandiseHeir":{"tradeProfitCentre":"FRESH PROD","categoryGroup":"VEGETABLES/SALAD","category":"SOFT VEGETABLES","subCategory":"DECORATIVE LETTUCE","className":"COS"},"onlineHeirs":[{"aisle":"Lettuce","category":"Vegetables","subCategory":"Fruit \u0026 Vegetables","categoryId":"1303","aisleId":"1313","subCategoryId":"2100"},{"aisle":"Vegetables","category":"Best of Summer","subCategory":"Fruit \u0026 Vegetables","categoryId":"699689408","aisleId":"699689507","subCategoryId":"2100"}],"pricing":{"now":3.5,"was":0,"unit":{"quantity":1,"ofMeasureQuantity":1,"ofMeasureUnits":"ea","price":1.75,"ofMeasureType":"ea","isWeighted":false,"isIncremental":false},"comparable":"$1.75/ 1ea","onlineSpecial":false}},{"_type":"PRODUCT","id":4223335,"adId":null,"adSource":null,"featured":false,"name":"Carrots Loose","brand":"Coles","description":"CARROTS:LOOSE:.:PER KG","size":"approx. 170g","availability":true,"availabilityType":"InStoreAndOnline","availableQuantity":32,"imageUris":[{"altText":"","type":"default","uri":"/4/4223335.jpg"}],"locations":[{"aisleSide":"Front of Store","description":"Located in Fresh produce at $STORE","facing":0,"aisle":"Fresh produce","order":0,"shelf":null}],"restrictions":{"retailLimit":50,"promotionalLimit":50,"liquorAgeRestrictionFlag":false,"tobaccoAgeRestrictionFlag":false,"restrictedByOrganisation":false,"delivery":["REMOTE SERVICE"]},"merchandiseHeir":{"tradeProfitCentre":"FRESH PROD","categoryGroup":"VEGETABLES/SALAD","category":"HARD VEGETABLES","subCategory":"CARROTS","className":"REGULAR"},"onlineHeirs":[{"aisle":"Carrots \u0026 Parsnips","category":"Vegetables","subCategory":"Fruit \u0026 Vegetables","categoryId":"1303","aisleId":"541654","subCategoryId":"2100"},{"aisle":"Vegetables","category":"Best of Summer","subCategory":"Fruit \u0026 Vegetables","categoryId":"699689408","aisleId":"699689507","subCategoryId":"2100"}],"pricing":{"now":0.44,"was":0,"unit":{"quantity":170,"ofMeasureQuantity":1,"ofMeasureUnits":"g","price":2.6,"ofMeasureType":"g","isWeighted":true,"isIncremental":false},"comparable":"$2.60/ 1kg","onlineSpecial":false}},{"_type":"PRODUCT","id":1182162,"adId":null,"adSource":null,"featured":false,"name":"Creme Gold Washed Potatoes Loose","brand":"Coles","description":"POTATOES WASHED:CREME GOLD:.:PER KG","size":"approx. 150g","availability":true,"availabilityType":"InStoreAndOnline","availableQuantity":89,"imageUris":[{"altText":"","type":"default","uri":"/1/1182162.jpg"}],"locations":[{"aisleSide":"Front of Store","description":"Located in Fresh produce at $STORE","facing":0,"aisle":"Fresh produce","order":0,"shelf":null}],"restrictions":{"retailLimit":50,"promotionalLimit":50,"liquorAgeRestrictionFlag":false,"tobaccoAgeRestrictionFlag":false,"restrictedByOrganisation":false,"delivery":["REMOTE SERVICE"]},"merchandiseHeir":{"tradeProfitCentre":"FRESH PROD","categoryGroup":"VEGETABLES/SALAD","category":"POTATOES","subCategory":"WASHED POTATOES","className":"LOOSE"},"onlineHeirs":[{"aisle":"Potatoes","category":"Vegetables","subCategory":"Fruit \u0026 Vegetables","categoryId":"1303","aisleId":"545475","subCategoryId":"2100"},{"aisle":"Vegetables","category":"Best of Summer","subCategory":"Fruit \u0026 Vegetables","categoryId":"699689408","aisleId":"699689507","subCategoryId":"2100"}],"pricing":{"now":0.8,"was":0,"unit":{"quantity":150,"ofMeasureQuantity":1,"ofMeasureUnits":"g","price":5.3,"ofMeasureType":"g","isWeighted":true,"isIncremental":false},"comparable":"$5.30/ 1kg","onlineSpecial":false}},{"_type":"PRODUCT","id":5548754,"adId":null,"adSource":null,"featured":false,"name":"Italian Diced Tomatoes","brand":"Coles","description":"COLES ITALIAN DICED TOMATOES  400G","size":"400g","availability":true,"availabilityType":"InStoreAndOnline","availableQuantity":250,"imageUris":[{"altText":"","type":"default","uri":"/5/5548754.jpg"}],"locations":[{"aisleSide":null,"description":"Aisle information is not available for this product. Please ask a Team Member at $STORE to help you find this product.","facing":0,"aisle":null,"order":9999,"shelf":null}],"restrictions":{"retailLimit":20,"promotionalLimit":20,"liquorAgeRestrictionFlag":false,"tobaccoAgeRestrictionFlag":false,"restrictedByOrganisation":false},"merchandiseHeir":{"tradeProfitCentre":"GROCERY","categoryGroup":"MEAL SOLUTIONS","category":"CANNED VEG","subCategory":"TOMATOES","className":"DICED"},"onlineHeirs":[{"aisle":"Canned Vegetables","category":"Canned Food, Soups \u0026 Noodles","subCategory":"Pantry","categoryId":"10146","aisleId":"9964","subCategoryId":"10302"}],"pricing":{"now":1.1,"was":0,"unit":{"quantity":1,"ofMeasureQuantity":1,"ofMeasureUnits":"kg","price":2.75,"ofMeasureType":"kg","isWeighted":false,"isIncremental":false},"comparable":"$2.75/ 1kg","promotionType":"EVERYDAY","onlineSpecial":false}},{"_type":"PRODUCT","id":6105715,"adId":null,"adSource":null,"featured":false,"name":"Garlic Loose","brand":"Coles","description":"GARLIC AUSTRALIAN:LOOSE:.:PER KG","size":"approx. 60g each","availability":true,"availabilityType":"InStoreAndOnline","availableQuantity":9,"imageUris":[{"altText":"","type":"default","uri":"/6/6105715.jpg"}],"locations":[{"aisleSide":"Front of Store","description":"Located in Fresh produce at $STORE","facing":0,"aisle":"Fresh produce","order":0,"shelf":null}],"restrictions":{"retailLimit":50,"promotionalLimit":50,"liquorAgeRestrictionFlag":false,"tobaccoAgeRestrictionFlag":false,"restrictedByOrganisation":false,"delivery":["REMOTE SERVICE"]},"merchandiseHeir":{"tradeProfitCentre":"FRESH PROD","categoryGroup":"VEGETABLES/SALAD","category":"HARD VEGETABLES","subCategory":"GARLIC","className":"LOCAL"},"onlineHeirs":[{"aisle":"Garlic \u0026 Ginger","category":"Vegetables","subCategory":"Fruit \u0026 Vegetables","categoryId":"1303","aisleId":"579846","subCategoryId":"2100"}],"pricing":{"now":1.98,"was":0,"unit":{"quantity":60,"ofMeasureQuantity":1,"ofMeasureUnits":"g","price":33,"ofMeasureType":"g","isWeighted":true,"isIncremental":false},"comparable":"$33.01/ 1kg","onlineSpecial":false}},{"_type":"PRODUCT","id":4498173,"adId":null,"adSource":null,"featured":false,"name":"Glasshouse Grape Tomatoes","brand":"Coles","description":"TOMATOES GLASSHOUSE:GRAPE:.:200 GRAM","size":"200g","availability":true,"availabilityType":"InStoreAndOnline","availableQuantity":239,"imageUris":[{"altText":"","type":"default","uri":"/4/4498173.jpg"}],"locations":[{"aisleSide":"Front of Store","description":"Located in Fresh produce at $STORE","facing":0,"aisle":"Fresh produce","order":0,"shelf":null}],"restrictions":{"retailLimit":50,"promotionalLimit":50,"liquorAgeRestrictionFlag":false,"tobaccoAgeRestrictionFlag":false,"restrictedByOrganisation":false},"merchandiseHeir":{"tradeProfitCentre":"FRESH PROD","categoryGroup":"VEGETABLES/SALAD","category":"TOMATOES","subCategory":"TOMATOES P/P","className":"GRAPE"},"onlineHeirs":[{"aisle":"Tomatoes","category":"Vegetables","subCategory":"Fruit \u0026 Vegetables","categoryId":"1303","aisleId":"465794","subCategoryId":"2100"}],"pricing":{"now":3,"was":0,"unit":{"quantity":1,"ofMeasureQuantity":1,"ofMeasureUnits":"kg","price":15,"ofMeasureType":"kg","isWeighted":false,"isIncremental":false},"comparable":"$15.00/ 1kg","promotionType":"SPECIAL","onlineSpecial":false}},{"_type":"PRODUCT","id":5750960,"adId":null,"adSource":null,"featured":false,"name":"Sliced Mushrooms","brand":"Coles","description":"COLES MUSHROOMS:SLICED:.:200 GRAM","size":"200g","availability":true,"availabilityType":"InStoreAndOnline","availableQuantity":52,"imageUris":[{"altText":"","type":"default","uri":"/5/5750960.jpg"}],"locations":[{"aisleSide":"Front of Store","description":"Located in Fresh produce at $STORE","facing":0,"aisle":"Fresh produce","order":0,"shelf":null}],"restrictions":{"retailLimit":50,"promotionalLimit":50,"liquorAgeRestrictionFlag":false,"tobaccoAgeRestrictionFlag":false,"restrictedByOrganisation":false,"delivery":["REMOTE SERVICE"]},"merchandiseHeir":{"tradeProfitCentre":"FRESH PROD","categoryGroup":"VEGETABLES/SALAD","category":"MUSHROOMS","subCategory":"WHITE MUSHROOMS","className":"WHITE EA"},"onlineHeirs":[{"aisle":"Mushrooms","category":"Vegetables","subCategory":"Fruit \u0026 Vegetables","categoryId":"1303","aisleId":"545641","subCategoryId":"2100"},{"aisle":"Vegetables","category":"Best of Summer","subCategory":"Fruit \u0026 Vegetables","categoryId":"699689408","aisleId":"699689507","subCategoryId":"2100"}],"pricing":{"now":4,"was":0,"unit":{"quantity":1,"ofMeasureQuantity":1,"ofMeasureUnits":"kg","price":20,"ofMeasureType":"kg","isWeighted":false,"isIncremental":false},"comparable":"$20.00/ 1kg","onlineSpecial":false}},{"_type":"PRODUCT","id":1022610,"adId":null,"adSource":null,"featured":false,"name":"Potatoes Creme Royale Brushed","brand":"Coles","description":"POTATOES CREME ROYALE:BRUSHED:.:PER KG","size":"approx. 200g","availability":true,"availabilityType":"InStoreAndOnline","availableQuantity":30,"imageUris":[{"altText":"","type":"default","uri":"/1/1022610.jpg"}],"locations":[{"aisleSide":"Front of Store","description":"Located in Fresh produce at $STORE","facing":0,"aisle":"Fresh produce","order":0,"shelf":null}],"restrictions":{"retailLimit":50,"promotionalLimit":50,"liquorAgeRestrictionFlag":false,"tobaccoAgeRestrictionFlag":false,"restrictedByOrganisation":false,"delivery":["REMOTE SERVICE"]},"merchandiseHeir":{"tradeProfitCentre":"FRESH PROD","categoryGroup":"VEGETABLES/SALAD","category":"POTATOES","subCategory":"BRUSHED POTATOES","className":"LOOSE"},"onlineHeirs":[{"aisle":"Potatoes","category":"Vegetables","subCategory":"Fruit \u0026 Vegetables","categoryId":"1303","aisleId":"545475","subCategoryId":"2100"},{"aisle":"Vegetables","category":"Best of Summer","subCategory":"Fruit \u0026 Vegetables","categoryId":"699689408","aisleId":"699689507","subCategoryId":"2100"}],"pricing":{"now":1.1,"was":0,"unit":{"quantity":200,"ofMeasureQuantity":1,"ofMeasureUnits":"g","price":5.5,"ofMeasureType":"g","isWeighted":true,"isIncremental":false},"comparable":"$5.50/ 1kg","onlineSpecial":false}},{"_type":"PRODUCT","id":4236122,"adId":null,"adSource":null,"featured":false,"name":"Baby Carrots","brand":"Coles","description":"COLES CARROTS:BABY:.:500 GRAM","size":"500g","availability":true,"availabilityType":"InStoreAndOnline","availableQuantity":64,"imageUris":[{"altText":"","type":"default","uri":"/4/4236122.jpg"}],"locations":[{"aisleSide":"Front of Store","description":"Located in Fresh produce at $STORE","facing":0,"aisle":"Fresh produce","order":0,"shelf":null}],"restrictions":{"retailLimit":50,"promotionalLimit":50,"liquorAgeRestrictionFlag":false,"tobaccoAgeRestrictionFlag":false,"restrictedByOrganisation":false,"delivery":["REMOTE SERVICE"]},"merchandiseHeir":{"tradeProfitCentre":"FRESH PROD","categoryGroup":"VEGETABLES/SALAD","category":"HARD VEGETABLES","subCategory":"CARROTS","className":"BABY"},"onlineHeirs":[{"aisle":"Carrots \u0026 Parsnips","category":"Vegetables","subCategory":"Fruit \u0026 Vegetables","categoryId":"1303","aisleId":"541654","subCategoryId":"2100"},{"aisle":"Vegetables","category":"Best of Summer","subCategory":"Fruit \u0026 Vegetables","categoryId":"699689408","aisleId":"699689507","subCategoryId":"2100"}],"pricing":{"now":1.9,"was":0,"unit":{"quantity":1,"ofMeasureQuantity":1,"ofMeasureUnits":"kg","price":3.8,"ofMeasureType":"kg","isWeighted":false,"isIncremental":false},"comparable":"$3.80/ 1kg","onlineSpecial":false}},{"_type":"PRODUCT","id":4845732,"adId":null,"adSource":null,"featured":false,"name":"Celery Bunch","brand":"Coles","description":"COLES CELERY:BUNCH:.:1 EACH","size":"1 Each","availability":true,"availabilityType":"InStoreAndOnline","availableQuantity":44,"imageUris":[{"altText":"","type":"default","uri":"/4/4845732.jpg"}],"locations":[{"aisleSide":"Front of Store","description":"Located in Fresh produce at $STORE","facing":0,"aisle":"Fresh produce","order":0,"shelf":null}],"restrictions":{"retailLimit":50,"promotionalLimit":50,"liquorAgeRestrictionFlag":false,"tobaccoAgeRestrictionFlag":false,"restrictedByOrganisation":false,"delivery":["REMOTE SERVICE"]},"merchandiseHeir":{"tradeProfitCentre":"FRESH PROD","categoryGroup":"VEGETABLES/SALAD","category":"BUNCH LINES","subCategory":"CELERY","className":"CELERY"},"onlineHeirs":[{"aisle":"Vegetables","category":"Best of Summer","subCategory":"Fruit \u0026 Vegetables","categoryId":"699689408","aisleId":"699689507","subCategoryId":"2100"},{"aisle":"Celery","category":"Vegetables","subCategory":"Fruit \u0026 Vegetables","categoryId":"1303","aisleId":"7594946","subCategoryId":"2100"}],"pricing":{"now":4,"was":0,"unit":{"quantity":1,"ofMeasureQuantity":1,"ofMeasureUnits":"ea","price":4,"ofMeasureType":"ea","isWeighted":false,"isIncremental":false},"comparable":"$4.00/ 1ea","onlineSpecial":false}},{"_type":"PRODUCT","id":8467604,"adId":null,"adSource":null,"featured":false,"name":"Red Onion 1 Kg","brand":"Coles","description":"COLES ONION:RED 1 KG","size":"1kg","availability":true,"availabilityType":"InStoreAndOnline","availableQuantity":55,"imageUris":[{"altText":"","type":"default","uri":"/8/8467604.jpg"}],"locations":[{"aisleSide":"Front of Store","description":"Located in Fresh produce at $STORE","facing":0,"aisle":"Fresh produce","order":0,"shelf":null}],"restrictions":{"retailLimit":50,"promotionalLimit":50,"liquorAgeRestrictionFlag":false,"tobaccoAgeRestrictionFlag":false,"restrictedByOrganisation":false,"delivery":["REMOTE SERVICE"]},"merchandiseHeir":{"tradeProfitCentre":"FRESH PROD","categoryGroup":"VEGETABLES/SALAD","category":"HARD VEGETABLES","subCategory":"ONION","className":"RED"},"onlineHeirs":[{"aisle":"Onion \u0026 Leeks","category":"Vegetables","subCategory":"Fruit \u0026 Vegetables","categoryId":"1303","aisleId":"646512","subCategoryId":"2100"},{"aisle":"Vegetables","category":"Best of Summer","subCategory":"Fruit \u0026 Vegetables","categoryId":"699689408","aisleId":"699689507","subCategoryId":"2100"}],"pricing":{"now":4.9,"was":0,"unit":{"quantity":1,"ofMeasureQuantity":1,"ofMeasureUnits":"kg","price":4.9,"ofMeasureType":"kg","isWeighted":false,"isIncremental":false},"comparable":"$4.90/ 1kg","onlineSpecial":false}},{"_type":"PRODUCT","id":4575321,"adId":null,"adSource":null,"featured":false,"name":"Sleeved Herbs Coriander","brand":"Coles","description":"SLEEVED HERBS:CORIANDER:.:1 BUNCH","size":"1 Bunch","availability":true,"availabilityType":"InStoreAndOnline","availableQuantity":70,"imageUris":[{"altText":"","type":"default","uri":"/4/4575321.jpg"}],"locations":[{"aisleSide":"Front of Store","description":"Located in Fresh produce at $STORE","facing":0,"aisle":"Fresh produce","order":0,"shelf":null}],"restrictions":{"retailLimit":50,"promotionalLimit":50,"liquorAgeRestrictionFlag":false,"tobaccoAgeRestrictionFlag":false,"restrictedByOrganisation":false,"delivery":["REMOTE SERVICE"]},"merchandiseHeir":{"tradeProfitCentre":"FRESH PROD","categoryGroup":"VEGETABLES/SALAD","category":"HERBS \u0026 CHILLIES","subCategory":"HERBS","className":"OTHER"},"onlineHeirs":[{"aisle":"Herbs \u0026 Chillies","category":"Salad \u0026 Herbs","subCategory":"Fruit \u0026 Vegetables","categoryId":"1304","aisleId":"74564","subCategoryId":"2100"}],"pricing":{"now":3.2,"was":0,"unit":{"quantity":1,"ofMeasureQuantity":1,"ofMeasureUnits":"ea","price":3.2,"ofMeasureType":"ea","isWeighted":false,"isIncremental":false},"comparable":"$3.20/ 1ea","promotionType":"SPECIAL","specialType":"MULTI_SAVE","onlineSpecial":false,"offerDescription":"Pick any 2 for $5.80","multiBuyPromotion":{"type":"MultibuyMultiSku","id":"728343934","minQuantity":2,"reward":2.9,"unitDisplayPrice":"$2.90/ 1ea"}}},{"_type":"PRODUCT","id":2470526,"adId":null,"adSource":null,"featured":false,"name":"Shredded Iceberg Lettuce","brand":"Coles","description":"COLES SHREDDED ICEBERG LETTUCE 200G","size":"200g","availability":true,"availabilityType":"InStoreAndOnline","availableQuantity":58,"imageUris":[{"altText":"","type":"default","uri":"/2/2470526.jpg"}],"locations":[{"aisleSide":"Front of Store","description":"Located in Fresh produce at $STORE","facing":0,"aisle":"Fresh produce","order":0,"shelf":null}],"restrictions":{"retailLimit":20,"promotionalLimit":12,"liquorAgeRestrictionFlag":false,"tobaccoAgeRestrictionFlag":false,"restrictedByOrganisation":false,"delivery":["REMOTE SERVICE","OVN"]},"merchandiseHeir":{"tradeProfitCentre":"FRESH PROD","categoryGroup":"FRUIT","category":"VALUE ADDED FP","subCategory":"LEAF","className":"MONO"},"onlineHeirs":[{"aisle":"Vegetables","category":"Best of Summer","subCategory":"Fruit \u0026 Vegetables","categoryId":"699689408","aisleId":"699689507","subCategoryId":"2100"},{"aisle":"Lettuce \u0026 Mixed Leaf","category":"Packaged Salad","subCategory":"Fruit \u0026 Vegetables","categoryId":"8893800","aisleId":"8893803","subCategoryId":"2100"}],"pricing":{"now":2.2,"was":0,"unit":{"quantity":1,"ofMeasureQuantity":1,"ofMeasureUnits":"kg","price":11,"ofMeasureType":"kg","isWeighted":false,"isIncremental":false},"comparable":"$11.00/ 1kg","onlineSpecial":false}},{"_type":"PRODUCT","id":3609392,"adId":null,"adSource":null,"featured":false,"name":"I'm Perfect Carrots Prepacked","brand":"Coles","description":"I'MPERFECT PP CARROTS:.:1.5 KG","size":"1.5kg","availability":true,"availabilityType":"InStoreAndOnline","availableQuantity":53,"imageUris":[{"altText":"","type":"default","uri":"/3/3609392.jpg"}],"locations":[{"aisleSide":"Front of Store","description":"Located in Fresh produce at $STORE","facing":0,"aisle":"Fresh produce","order":0,"shelf":null}],"restrictions":{"retailLimit":50,"promotionalLimit":50,"liquorAgeRestrictionFlag":false,"tobaccoAgeRestrictionFlag":false,"restrictedByOrganisation":false,"delivery":["REMOTE SERVICE"]},"merchandiseHeir":{"tradeProfitCentre":"FRESH PROD","categoryGroup":"VEGETABLES/SALAD","category":"HARD VEGETABLES","subCategory":"CARROTS","className":"IM PERFECT"},"onlineHeirs":[{"aisle":"Carrots \u0026 Parsnips","category":"Vegetables","subCategory":"Fruit \u0026 Vegetables","categoryId":"1303","aisleId":"541654","subCategoryId":"2100"}],"pricing":{"now":2,"was":0,"unit":{"quantity":1,"ofMeasureQuantity":1,"ofMeasureUnits":"kg","price":1.33,"ofMeasureType":"kg","isWeighted":false,"isIncremental":false},"comparable":"$1.33/ 1kg","promotionType":"SPECIAL","onlineSpecial":false}},{"_type":"PRODUCT","id":4829860,"adId":null,"adSource":null,"featured":false,"name":"Mushrooms Cup","brand":"Coles","description":"COLES MUSHROOMS:CUP:.:200 GRAM","size":"200g","availability":true,"availabilityType":"InStoreAndOnline","availableQuantity":27,"imageUris":[{"altText":"","type":"default","uri":"/4/4829860.jpg"}],"locations":[{"aisleSide":"Front of Store","description":"Located in Fresh produce at $STORE","facing":0,"aisle":"Fresh produce","order":0,"shelf":null}],"restrictions":{"retailLimit":50,"promotionalLimit":50,"liquorAgeRestrictionFlag":false,"tobaccoAgeRestrictionFlag":false,"restrictedByOrganisation":false,"delivery":["REMOTE SERVICE"]},"merchandiseHeir":{"tradeProfitCentre":"FRESH PROD","categoryGroup":"VEGETABLES/SALAD","category":"MUSHROOMS","subCategory":"WHITE MUSHROOMS","className":"WHITE EA"},"onlineHeirs":[{"aisle":"Mushrooms","category":"Vegetables","subCategory":"Fruit \u0026 Vegetables","categoryId":"1303","aisleId":"545641","subCategoryId":"2100"},{"aisle":"Vegetables","category":"Best of Summer","subCategory":"Fruit \u0026 Vegetables","categoryId":"699689408","aisleId":"699689507","subCategoryId":"2100"}],"pricing":{"now":4,"was":0,"unit":{"quantity":1,"ofMeasureQuantity":1,"ofMeasureUnits":"kg","price":20,"ofMeasureType":"kg","isWeighted":false,"isIncremental":false},"comparable":"$20.00/ 1kg","onlineSpecial":false}},{"_type":"PRODUCT","id":4835171,"adId":null,"adSource":null,"featured":false,"name":"Vine Ripened Tomatoes","brand":"Coles","description":"COLES TOMATOES VINE RIPENED:PREPACK:.:500 GRAM","size":"500g","availability":true,"availabilityType":"InStoreAndOnline","availableQuantity":69,"imageUris":[{"altText":"","type":"default","uri":"/4/4835171.jpg"}],"locations":[{"aisleSide":"Front of Store","description":"Located in Fresh produce at $STORE","facing":0,"aisle":"Fresh produce","order":0,"shelf":null}],"restrictions":{"retailLimit":50,"promotionalLimit":50,"liquorAgeRestrictionFlag":false,"tobaccoAgeRestrictionFlag":false,"restrictedByOrganisation":false,"delivery":["REMOTE SERVICE"]},"merchandiseHeir":{"tradeProfitCentre":"FRESH PROD","categoryGroup":"VEGETABLES/SALAD","category":"TOMATOES","subCategory":"TOMATOES P/P","className":"TRUSS"},"onlineHeirs":[{"aisle":"Tomatoes","category":"Vegetables","subCategory":"Fruit \u0026 Vegetables","categoryId":"1303","aisleId":"465794","subCategoryId":"2100"},{"aisle":"Vegetables","category":"Best of Summer","subCategory":"Fruit \u0026 Vegetables","categoryId":"699689408","aisleId":"699689507","subCategoryId":"2100"}],"pricing":{"now":3.3,"was":0,"unit":{"quantity":1,"ofMeasureQuantity":1,"ofMeasureUnits":"kg","price":6.6,"ofMeasureType":"kg","isWeighted":false,"isIncremental":false},"comparable":"$6.60/ 1kg","promotionType":"SPECIAL","onlineSpecial":false}},{"_type":"PRODUCT","id":1206748,"adId":null,"adSource":null,"featured":false,"name":"Potatoes Washed","brand":"Coles","description":"COLES POTATOES:WASHED:.:2 KG","size":"2kg","availability":true,"availabilityType":"InStoreAndOnline","availableQuantity":113,"imageUris":[{"altText":"","type":"default","uri":"/1/1206748.jpg"}],"locations":[{"aisleSide":"Front of Store","description":"Located in Fresh produce at $STORE","facing":0,"aisle":"Fresh produce","order":0,"shelf":null}],"restrictions":{"retailLimit":50,"promotionalLimit":50,"liquorAgeRestrictionFlag":false,"tobaccoAgeRestrictionFlag":false,"restrictedByOrganisation":false,"delivery":["REMOTE SERVICE"]},"merchandiseHeir":{"tradeProfitCentre":"FRESH PROD","categoryGroup":"VEGETABLES/SALAD","category":"POTATOES","subCategory":"WASHED POTATOES","className":"PRE PACKED"},"onlineHeirs":[{"aisle":"Potatoes","category":"Vegetables","subCategory":"Fruit \u0026 Vegetables","categoryId":"1303","aisleId":"545475","subCategoryId":"2100"},{"aisle":"Vegetables","category":"Best of Summer","subCategory":"Fruit \u0026 Vegetables","categoryId":"699689408","aisleId":"699689507","subCategoryId":"2100"}],"pricing":{"now":6,"was":0,"unit":{"quantity":1,"ofMeasureQuantity":1,"ofMeasureUnits":"kg","price":3,"ofMeasureType":"kg","isWeighted":false,"isIncremental":false},"comparable":"$3.00/ 1kg","promotionType":"SPECIAL","onlineSpecial":false}},{"_type":"PRODUCT","id":3395313,"adId":null,"adSource":null,"featured":false,"name":"Half Cauliflower Precut","brand":"Coles","description":"CAULIFLOWER:PRECUT HALF:.:1 EACH","size":"1 each","availability":true,"availabilityType":"InStoreAndOnline","availableQuantity":35,"imageUris":[{"altText":"","type":"default","uri":"/3/3395313.jpg"}],"locations":[{"aisleSide":"Front of Store","description":"Located in Fresh produce at $STORE","facing":0,"aisle":"Fresh produce","order":0,"shelf":null}],"restrictions":{"retailLimit":50,"promotionalLimit":50,"liquorAgeRestrictionFlag":false,"tobaccoAgeRestrictionFlag":false,"restrictedByOrganisation":false,"delivery":["REMOTE SERVICE","OVN"]},"merchandiseHeir":{"tradeProfitCentre":"FRESH PROD","categoryGroup":"VEGETABLES/SALAD","category":"SOFT VEGETABLES","subCategory":"CAULIFLOWER","className":"REGULAR"},"onlineHeirs":[{"aisle":"Broccoli \u0026 Cauliflower","category":"Vegetables","subCategory":"Fruit \u0026 Vegetables","categoryId":"1303","aisleId":"549876","subCategoryId":"2100"}],"pricing":{"now":3.5,"was":0,"unit":{"quantity":1,"ofMeasureQuantity":1,"ofMeasureUnits":"ea","price":3.5,"ofMeasureType":"ea","isWeighted":false,"isIncremental":false},"comparable":"$3.50/ 1ea","onlineSpecial":false}},{"_type":"PRODUCT","id":1181308,"adId":null,"adSource":null,"featured":false,"name":"Red Royale Potatoes Loose","brand":"Coles","description":"POTATOES WASHED:RED ROYALE:.:PER KG","size":"approx. 170g","availability":true,"availabilityType":"InStoreAndOnline","availableQuantity":31,"imageUris":[{"altText":"","type":"default","uri":"/1/1181308.jpg"}],"locations":[{"aisleSide":"Front of Store","description":"Located in Fresh produce at $STORE","facing":0,"aisle":"Fresh produce","order":0,"shelf":null}],"restrictions":{"retailLimit":50,"promotionalLimit":50,"liquorAgeRestrictionFlag":false,"tobaccoAgeRestrictionFlag":false,"restrictedByOrganisation":false,"delivery":["REMOTE SERVICE"]},"merchandiseHeir":{"tradeProfitCentre":"FRESH PROD","categoryGroup":"VEGETABLES/SALAD","category":"POTATOES","subCategory":"RED POTATOES","className":"LOOSE"},"onlineHeirs":[{"aisle":"Potatoes","category":"Vegetables","subCategory":"Fruit \u0026 Vegetables","categoryId":"1303","aisleId":"545475","subCategoryId":"2100"},{"aisle":"Vegetables","category":"Best of Summer","subCategory":"Fruit \u0026 Vegetables","categoryId":"699689408","aisleId":"699689507","subCategoryId":"2100"}],"pricing":{"now":0.9,"was":0,"unit":{"quantity":170,"ofMeasureQuantity":1,"ofMeasureUnits":"g","price":5.3,"ofMeasureType":"g","isWeighted":true,"isIncremental":false},"comparable":"$5.30/ 1kg","onlineSpecial":false}},{"_type":"PRODUCT","id":4567039,"adId":null,"adSource":null,"featured":false,"name":"Asian Choy Pak","brand":"Coles","description":"ASIAN CHOY:PAK:.:1 BUNCH","size":"1 each","availability":true,"availabilityType":"InStoreAndOnline","availableQuantity":55,"imageUris":[{"altText":"","type":"default","uri":"/4/4567039.jpg"}],"locations":[{"aisleSide":"Front of Store","description":"Located in Fresh produce at $STORE","facing":0,"aisle":"Fresh produce","order":0,"shelf":null}],"restrictions":{"retailLimit":50,"promotionalLimit":50,"liquorAgeRestrictionFlag":false,"tobaccoAgeRestrictionFlag":false,"restrictedByOrganisation":false,"delivery":["REMOTE SERVICE"]},"merchandiseHeir":{"tradeProfitCentre":"FRESH PROD","categoryGroup":"VEGETABLES/SALAD","category":"BUNCH LINES","subCategory":"ASIAN VEGETABLES","className":"CHOY VARIETIES"},"onlineHeirs":[{"aisle":"Asian Greens","category":"Vegetables","subCategory":"Fruit \u0026 Vegetables","categoryId":"1303","aisleId":"897984","subCategoryId":"2100"}],"pricing":{"now":2.9,"was":0,"unit":{"quantity":1,"ofMeasureQuantity":1,"ofMeasureUnits":"ea","price":2.9,"ofMeasureType":"ea","isWeighted":false,"isIncremental":false},"comparable":"$2.90/ 1ea","onlineSpecial":false}},{"_type":"PRODUCT","id":5034484,"adId":null,"adSource":null,"featured":false,"name":"Ginger Loose","brand":"Coles","description":"GINGER:LOOSE:.:PER KG","size":"approx. 130g","availability":true,"availabilityType":"InStoreAndOnline","availableQuantity":3,"imageUris":[{"altText":"","type":"default","uri":"/5/5034484.jpg"}],"locations":[{"aisleSide":"Front of Store","description":"Located in Fresh produce at $STORE","facing":0,"aisle":"Fresh produce","order":0,"shelf":null}],"restrictions":{"retailLimit":50,"promotionalLimit":50,"liquorAgeRestrictionFlag":false,"tobaccoAgeRestrictionFlag":false,"restrictedByOrganisation":false,"delivery":["REMOTE SERVICE"]},"merchandiseHeir":{"tradeProfitCentre":"FRESH PROD","categoryGroup":"VEGETABLES/SALAD","category":"HARD VEGETABLES","subCategory":"GINGER","className":"GINGER"},"onlineHeirs":[{"aisle":"Garlic \u0026 Ginger","category":"Vegetables","subCategory":"Fruit \u0026 Vegetables","categoryId":"1303","aisleId":"579846","subCategoryId":"2100"}],"pricing":{"now":5.07,"was":0,"unit":{"quantity":130,"ofMeasureQuantity":1,"ofMeasureUnits":"g","price":39,"ofMeasureType":"g","isWeighted":true,"isIncremental":false},"comparable":"$39.00/ 1kg","onlineSpecial":false}},{"_type":"PRODUCT","id":4829204,"adId":null,"adSource":null,"featured":false,"name":"Green Beans Prepacked","brand":"Coles","description":"COLES BEANS:PREPACK:.:375 GRAM","size":"375g","availability":true,"availabilityType":"InStoreAndOnline","availableQuantity":122,"imageUris":[{"altText":"","type":"default","uri":"/4/4829204.jpg"}],"locations":[{"aisleSide":"Front of Store","description":"Located in Fresh produce at $STORE","facing":0,"aisle":"Fresh produce","order":0,"shelf":null}],"restrictions":{"retailLimit":50,"promotionalLimit":50,"liquorAgeRestrictionFlag":false,"tobaccoAgeRestrictionFlag":false,"restrictedByOrganisation":false,"delivery":["REMOTE SERVICE"]},"merchandiseHeir":{"tradeProfitCentre":"FRESH PROD","categoryGroup":"VEGETABLES/SALAD","category":"SOFT VEGETABLES","subCategory":"BEANS","className":"BEANS PREPACKED"},"onlineHeirs":[{"aisle":"Peas \u0026 Beans","category":"Vegetables","subCategory":"Fruit \u0026 Vegetables","categoryId":"1303","aisleId":"637948","subCategoryId":"2100"},{"aisle":"Vegetables","category":"Best of Summer","subCategory":"Fruit \u0026 Vegetables","categoryId":"699689408","aisleId":"699689507","subCategoryId":"2100"}],"pricing":{"now":3.9,"was":0,"unit":{"quantity":1,"ofMeasureQuantity":1,"ofMeasureUnits":"kg","price":10.4,"ofMeasureType":"kg","isWeighted":false,"isIncremental":false},"comparable":"$10.40/ 1kg","promotionType":"SPECIAL","onlineSpecial":false}}],"catalogGroupView":[{"level":1,"name":"Down Down","originalName":"Down Down","seoToken":"down-down","id":"8906007","productCount":7,"catalogGroupView":null},{"level":1,"name":"Back to School","originalName":"Back To School","seoToken":"back-to-school","id":"8904801","productCount":2,"catalogGroupView":null},{"level":1,"name":"Fruit \u0026 Vegetables","originalName":"Fruit \u0026 Vegetables","seoToken":"fruit-vegetables","id":"2100","productCount":277,"catalogGroupView":null},{"level":1,"name":"Pantry","originalName":"Pantry","seoToken":"pantry","id":"10302","productCount":149,"catalogGroupView":null},{"level":1,"name":"Dietary \u0026 World Foods","originalName":"Dietary \u0026 World Foods","seoToken":"dietary-world-foods","id":"674112512","productCount":72,"catalogGroupView":null},{"level":1,"name":"Frozen","originalName":"Frozen","seoToken":"frozen","id":"85471","productCount":68,"catalogGroupView":null},{"level":1,"name":"Bonus Entry Products","originalName":"Bonus Entry Products","seoToken":"bonus-entry-products","id":"1005442010","productCount":4,"catalogGroupView":null},{"level":1,"name":"Cleaning \u0026 Laundry","originalName":"Cleaning \u0026 Laundry","seoToken":"cleaning-laundry","id":"910869560","productCount":1,"catalogGroupView":null}],"excludedCatalogGroupView":{"productCount":0}},"searchSessionId":"139cb7e2-7efc-4422-996d-cd77c5424374","sortByValue":"relevance","isRestricted":false,"aemContentFragment":null,"aemBrandFragment":null},"initialState":{"user":{"error":null,"auth":{"authenticated":false},"account":{"notifications":[]}},"modal":{"active":null,"state":{}},"notifications":{"notifications":[],"listNotifications":[],"showShoppableWarning":false},"mpgs":{"formFieldValidity":{"cardNumberValidity":"undetermined","expiryYearValidity":"undetermined","expiryMonthValidity":"undetermined","cvvValidity":"undetermined"},"initStatus":"unset","submitStatus":"unsubmitted","successData":null,"unexpectedError":false,"saveToProfile":false},"trolley":{"error":null,"itemsBeingUpdated":[],"failedItemGroups":[],"resolvedProductIdsFromFailedItemGroup":[],"storeId":"0584","validation":{"isValidating":false,"isValid":false,"validationErrors":null,"error":null,"restrictedItems":null},"isSwappingItems":false,"updateQueue":[],"updateQueueCallbacks":[],"processUpdateQueueImmediately":false,"isProcessUpdateQueueErrorNotificationMuted":false,"fetchContext":{},"postPatchProductInfo":{},"sortBy":null},"checkoutPricing":{"state":{}},"checkoutPage":{"deliveryOptions":[],"baggingOptions":[],"trolleyItems":[],"supportedPaymentTypes":[],"isOrderDetailsComplete":false,"isTrolleyReviewComplete":false,"isContactDetailsComplete":false,"isPaymentMethodComplete":false,"liquorDeliveryConsentObtained":false,"orderSubmissionInProgress":false,"isPlaceOrderSubmitted":false,"featureFlags":{"ShowSwapaboxBaggingDescription":false,"ShowBaggingOptionBadges":false,"DeviceFingerprintingEnabled":false,"DeviceFingerprintCollectorTimeout":5000,"DeviceFingerprintBeaconTimeout":5000,"PlaceOrder3DS":false,"PlaceOrder3DSServiceWorker":false,"CheckoutPreferenceSubstitutionsCheckboxes":false,"EnableExtendedChatbotHours":false,"ChatbotHours":{"Monday":{"open":{"hour":9,"minute":0,"second":0,"millisecond":0},"close":{"hour":21,"minute":0,"second":0,"millisecond":0}},"Tuesday":{"open":{"hour":9,"minute":0,"second":0,"millisecond":0},"close":{"hour":21,"minute":0,"second":0,"millisecond":0}},"Wednesday":{"open":{"hour":9,"minute":0,"second":0,"millisecond":0},"close":{"hour":21,"minute":0,"second":0,"millisecond":0}},"Thursday":{"open":{"hour":9,"minute":0,"second":0,"millisecond":0},"close":{"hour":21,"minute":0,"second":0,"millisecond":0}},"Friday":{"open":{"hour":9,"minute":0,"second":0,"millisecond":0},"close":{"hour":21,"minute":0,"second":0,"millisecond":0}},"Saturday":{"open":{"hour":9,"minute":0,"second":0,"millisecond":0},"close":{"hour":21,"minute":0,"second":0,"millisecond":0}},"Sunday":{"open":{"hour":9,"minute":0,"second":0,"millisecond":0},"close":{"hour":21,"minute":0,"second":0,"millisecond":0}}},"EnablePaymentMethodsV2InCheckout":false,"ShowSwapABoxQldOrderConfMessage":false,"CheckoutColesPayEnabled":false,"CheckoutPaydockCardEnabled":false,"CheckoutQuantityPicker":false,"SubmitOrderV2Enabled":false,"SubmitOrderV2PunchoutEnabled":false,"ShowNoBagsPackingPreferenceMessage":false,"EnablePaydockSupport":false,"LoyaltyEstimationAtCheckout":false,"PromoCodeBanner":false}},"paydock":{"sdkIsAvailable":0,"cardEnableViaBackEnd":2,"cardCrashed":false,"cardLoading":false,"cardLoaded":false,"colesPayEnableViaBackEnd":0,"colesPayCrashed":false,"paypalEnableViaBackEnd":0,"paypalCrashed":false,"cardInputDataValidity":false,"colesPayFlowState":0,"schemeCardFlowState":0,"orderSubmissionProgress":0,"colesPayAuthSaveProgress":0,"colesPayPopupInteractionStage":0,"colesPayPopupInteractionOutcomeReported":false,"colesPayInitialisationOutcomeReported":false,"paypalDataCollectorCrashed":false,"saveCardToProfile":false,"showPaydockThreeDSModal":false},"drawer":{"active":[],"state":{}},"shoppingMethod":{"isEditing":false,"didStoreIdChange":false,"state":{},"localisation":{"postcode":"","suburb":"","storeId":"","shoppingMethod":"","state":""}},"enquiryForms":{"ids":[],"entities":{}},"list":{"error":null,"patchListItemsQueue":[]},"content":{"pageCategoryL1":"","pageCategoryL2":"","displayFilter":false,"expandFilter":[],"nextLevel":false,"pageTitle":"","pageType":"","breadcrumbs":[],"recipeId":"","isDisplayShopIngredients":false,"globalUrgencyStrip":{":items":{"root":{"columnClassNames":{"mbox_copy":"aem-GridColumn aem-GridColumn--default--12"},"gridClassNames":"aem-Grid aem-Grid--12 aem-Grid--default--12","columnCount":12,":items":{"mbox_copy":{"mboxId":"cusp-urgency-strip",":type":"coles-onesite/components/mbox"}},":itemsOrder":["mbox_copy"],":type":"wcm/foundation/components/responsivegrid"}},":itemsOrder":["root"],":type":"coles-onesite/components/xfpage",":path":"/content/experience-fragments/coles-onesite/en/site/global/urgency-strip/master",":hierarchyType":"page"},"recipeServingSize":4,"deliveryMethod":false,"shouldDisplayShopRecipeBtn":false,"recipeDietaryTags":[],"showAddAllToTrolleyBtn":false,"isFetchingShopingredients":true},"seoJsonLd":{"componentJsonLd":{},"showAsJsonLd":false},"bffApi":{"queries":{},"mutations":{},"provided":{},"subscriptions":{},"config":{"online":true,"focused":true,"middlewareRegistered":true,"refetchOnFocus":false,"refetchOnReconnect":false,"refetchOnMountOrArgChange":false,"keepUnusedDataFor":60,"reducerPath":"bffApi"}},"aemApi":{"queries":{},"mutations":{},"provided":{},"subscriptions":{},"config":{"online":true,"focused":true,"middlewareRegistered":true,"refetchOnFocus":false,"refetchOnReconnect":false,"refetchOnMountOrArgChange":false,"keepUnusedDataFor":60,"reducerPath":"aemApi"}},"enquiryFormApi":{"queries":{},"mutations":{},"provided":{},"subscriptions":{},"config":{"online":true,"focused":true,"middlewareRegistered":true,"refetchOnFocus":false,"refetchOnReconnect":false,"refetchOnMountOrArgChange":false,"keepUnusedDataFor":60,"reducerPath":"enquiryFormApi"}},"b2bFormsApi":{"queries":{},"mutations":{},"provided":{},"subscriptions":{},"config":{"online":true,"focused":true,"middlewareRegistered":true,"refetchOnFocus":false,"refetchOnReconnect":false,"refetchOnMountOrArgChange":false,"keepUnusedDataFor":60,"reducerPath":"b2bFormsApi"}},"radioComplaintsFormApi":{"queries":{},"mutations":{},"provided":{},"subscriptions":{},"config":{"online":true,"focused":true,"middlewareRegistered":true,"refetchOnFocus":false,"refetchOnReconnect":false,"refetchOnMountOrArgChange":false,"keepUnusedDataFor":60,"reducerPath":"radioComplaintsFormApi"}},"psdsFormApi":{"queries":{},"mutations":{},"provided":{},"subscriptions":{},"config":{"online":true,"focused":true,"middlewareRegistered":true,"refetchOnFocus":false,"refetchOnReconnect":false,"refetchOnMountOrArgChange":false,"keepUnusedDataFor":60,"reducerPath":"psdsFormApi"}},"adobeTargetApi":{"queries":{},"mutations":{},"provided":{},"subscriptions":{},"config":{"online":true,"focused":true,"middlewareRegistered":true,"refetchOnFocus":false,"refetchOnReconnect":false,"refetchOnMountOrArgChange":false,"keepUnusedDataFor":60,"reducerPath":"adobeTargetApi"}},"abandonedTrolleyFormApi":{"queries":{},"mutations":{},"provided":{},"subscriptions":{},"config":{"online":true,"focused":true,"middlewareRegistered":true,"refetchOnFocus":false,"refetchOnReconnect":false,"refetchOnMountOrArgChange":false,"keepUnusedDataFor":60,"reducerPath":"abandonedTrolleyFormApi"}},"digitalGraphQLApi":{"queries":{},"mutations":{},"provided":{},"subscriptions":{},"config":{"online":true,"focused":true,"middlewareRegistered":true,"refetchOnFocus":false,"refetchOnReconnect":false,"refetchOnMountOrArgChange":false,"keepUnusedDataFor":60,"reducerPath":"digitalGraphQLApi"}}},"__N_SSP":true},"page":"/search/products","query":{"q":"vegetables"},"buildId":"20260121.4-0a09fd6f9303df34732fe202aa5352d377c4f7bc","runtimeConfig":{"AEM_IMAGE_URL":"https://www.coles.com.au/content/dam/coles","ADOBE_ALLOY_DATASTREAM_ID":"bfdf5ff1-5118-4af3-a44a-43828d9ad8f1","ADOBE_LAUNCH_ANALYTICS_URL":"//assets.adobedtm.com/be8983348498/7775e8833f85/launch-3482e2af0e30.min.js","ADOBE_LAUNCH_ANALYTICS_ID":"0B3D037254C7DE490A4C98A6@AdobeOrg","COLES_API_URL":"https://apigw.coles.com.au","BFF_API_SUBSCRIPTION_KEY":"eae83861d1cd4de6bb9cd8a2cd6f041e","CCP_PROFILE_MANAGEMENT_URL":"https://colesgroupprofile.com.au","COL_URL":"https://shop.coles.com.au","COL4BUSINESS_URL":"https://business.coles.com.au","CITRUS_AD_IMAGE_URL":"https://coles.flavedo.io/citrus","TOPSORT_AD_IMAGE_URL":"https://topsortassets.com","TOPSORT_REFERER_URL":"https://coles.app.topsort.ai","CITRUS_HOST_URL":"https://integration.coles.citrusad.com","CITRUS_REFERER_URL":"https://campaign.citrusad.com/","CITRUS_REFERER_URL_OLD":"https://coles.citrusad.com/","CV_CHATBOT_URL":"https://chatbot.coles.com.au/coles_cusp_ui","COLES_BFF_API_URL":"https://prod2apigw.cmltd.net.au/digital/omniweb/v1","COLES_GRAPHQL_API_URL":"https://prod2apigw.cmltd.net.au/digital/gql/v1/graphql","COLES_ENV":"prod","PRODUCT_IMAGE_URL":"https://cdn.productimages.coles.com.au/productimages","COLES_MPGS_URL":"https://cipg.gateway.mastercard.com/form/version/56/merchant/COL01/session.js","LD_SDK_CLIENT_ID":"61f1f759d7adf9173a4d22b8","AEM_HOST_URL":"https://www.coles.com.au","AEM_ROOT_PATH":"/content/coles-onesite/en","AEM_XF_ROOT_PATH":"/content/experience-fragments/coles-onesite/en/site","AEM_SUGGESTED_LISTS_FRAGMENT_ROOT_PATH":"/content/dam/coles-onesite/contentfragment/suggested-lists","AEM_AUTHORIZATION":"YmZmLWFlbS1jdWctY2YtdXNlcjo0NTZ2Z25qRnkxZnYjQA==","BAZAAR_VOICE_API_SRC":"https://apps.bazaarvoice.com/deployments/coles/1site/production/en_AU/bv.js","NEXT_HOST_URL":"https://www.coles.com.au","GOOGLE_RECAPTCHA_V3_KEY":"6LfYn6wiAAAAAK0LBShfbQebZg8mucuEUeAAN8MK","TEMP_FLYBUYS_UNSUBSCRIBE_CAPTCHA_SITE_KEY":"6LddQoMqAAAAAIJBRDQGS8B7zrhhap1-U6IMVlb3","SENTRY_TRACE_SAMPLE_RATE":"0.6","SENTRY_REPLAY_SESSION_SAMPLE_RATE":"0","SENTRY_REPLAY_ERROR_SAMPLE_RATE":"0.1","FLYPAY_WEBSITE_URL":"https://www.flypay.com.au","DATA_COLLECTOR_URL":"https://prod.accdab.net/cdn/cs/-_fk2s1_k8Gjh1h3hWpKVfi9Fr8.js","FLYPAY_CLIENT_ID":"5342b449-e1a7-4263-9934-182c0a128936"},"isFallback":false,"isExperimentalCompile":false,"gssp":true,"appGip":true,"locale":"en","locales":["en"],"defaultLocale":"en","scriptLoader":[]}</script><script type="text/javascript" src="/_Incapsula_Resource?SWJIYLWA=719d34d31c8e3a6e6fffd425f7e032f3&ns=2&cb=901421648" async></script></body></html>