{
  "Products": [
    {
      "Products": [
        {
          "TileID": 1,
          "Stockcode": 135344,
          "Barcode": "0264562000001",
          "GtinFormat": 13,
          "CupPrice": 0.35,
          "InstoreCupPrice": 0.35,
          "CupMeasure": "1EA",
          "CupString": "$0.35 / 1EA",
          "InstoreCupString": "$0.35 / 1EA",
          "HasCupPrice": true,
          "InstoreHasCupPrice": true,
          "Price": 0.35,
          "IncrementalPrice": null,
          "IncrementalWasPrice": null,
          "IncrementalMinimumQuantity": null,
          "IncrementalMinimumQuantityUnit": "g",
          "PricePerKGLabel": "Price per Kg charged",
          "MinWeightPrice": null,
          "MaxWeightPrice": null,
          "InstorePrice": 0.35,
          "Name": "Carrot Fresh",
          "DisplayName": "Carrot Fresh each",
          "UrlFriendlyName": "carrot-fresh",
          "Description": "  Carrot Fresh  each",
          "SmallImageFile": "https://cdn0.woolworths.media/content/wowproductimages/small/135344.jpg",
          "MediumImageFile": "https://cdn0.woolworths.media/content/wowproductimages/medium/135344.jpg",
          "LargeImageFile": "https://cdn0.woolworths.media/content/wowproductimages/large/135344.jpg",
          "IsNew": false,
          "IsHalfPrice": false,
          "IsOnlineOnly": false,
          "IsOnSpecial": false,
          "InstoreIsOnSpecial": false,
          "IsEdrSpecial": false,
          "SavingsAmount": 0.0,
          "InstoreSavingsAmount": 0.0,
          "WasPrice": 0.35,
          "InstoreWasPrice": 0.35,
          "QuantityInTrolley": 0,
          "Unit": "Each",
          "MinimumQuantity": 1,
          "HasBeenBoughtBefore": false,
          "IsInTrolley": false,
          "Source": "SearchServiceSearchProducts",
          "SupplyLimit": 36,
          "ProductLimit": 36,
          "MaxSupplyLimitMessage": "36 item limit",
          "IsRanged": true,
          "IsInStock": true,
          "PackageSize": "each",
          "IsPmDelivery": false,
          "IsForCollection": true,
          "IsForDelivery": true,
          "IsForExpress": true,
          "ProductRestrictionMessage": null,
          "ProductWarningMessage": null,
          "CentreTag": {
            "TagContent": null,
            "TagLink": null,
            "FallbackText": null,
            "TagType": "None",
            "MultibuyData": null,
            "MemberPriceData": null,
            "FFPVMemberPriceData": null,
            "TagContentText": null,
            "DualImageTagContent": null,
            "PromotionType": "NOT_SET",
            "IsRegisteredRewardCardPromotion": false
          },
          "IsCentreTag": false,
          "ImageTag": {
            "TagContent": "/content/promotiontags/australian-grown-roundel-200x200.png",
            "TagLink": null,
            "FallbackText": "Australian Grown",
            "TagType": "Image",
            "MultibuyData": null,
            "MemberPriceData": null,
            "FFPVMemberPriceData": null,
            "TagContentText": null,
            "DualImageTagContent": null,
            "PromotionType": "NOT_SET",
            "IsRegisteredRewardCardPromotion": false
          },
          "HeaderTag": null,
          "HasHeaderTag": false,
          "UnitWeightInGrams": 0,
          "SupplyLimitMessage": "'Carrot Fresh' has a supply limit of 36. The quantity in your cart has been reduced accordingly. To purchase a larger quantity, please contact us on 1800 000 610. Please note we do not supply trade orders.",
          "SmallFormatDescription": " Carrot Fresh ",
          "FullDescription": " Carrot Fresh ",
          "IsAvailable": true,
          "InstoreIsAvailable": true,
          "IsPurchasable": true,
          "InstoreIsPurchasable": true,
          "AgeRestricted": false,
          "DisplayQuantity": 1,
          "RichDescription": null,
          "HideWasSavedPrice": false,
          "SapCategories": null,
          "Brand": null,
          "IsRestrictedByDeliveryMethod": false,
          "FooterTag": {
            "TagContent": null,
            "TagLink": null,
            "FallbackText": null,
            "TagType": "None",
            "MultibuyData": null,
            "MemberPriceData": null,
            "FFPVMemberPriceData": null,
            "TagContentText": null,
            "DualImageTagContent": null,
            "PromotionType": "NOT_SET",
            "IsRegisteredRewardCardPromotion": false
          },
          "IsFooterEnabled": false,
          "Diagnostics": "0",
          "IsBundle": false,
          "IsInFamily": false,
          "ChildProducts": null,
          "UrlOverride": null,
          "AdditionalAttributes": {
            "boxedcontents": null,
            "addedvitaminsandminerals": "False",
            "sapdepartmentname": "FRUIT AND VEG",
            "spf": null,
            "haircolour": null,
            "lifestyleanddietarystatement": null,
            "sapcategoryname": "VEG / FRESHCUTS / HARD PRODUCE",
            "skintype": null,
            "importantinformation": null,
            "allergystatement": null,
            "productdepthmm": null,
            "skincondition": null,
            "ophthalmologistapproved": null,
            "healthstarrating": "5",
            "hairtype": null,
            "fragrance-free": null,
            "sapsegmentname": "CARROTS LOOSE",
            "suitablefor": null,
            "PiesProductDepartmentsjson": "[{\"Id\":\"1-E5BEE36E\",\"Description\":\"Fruit & Veg\"}]",
            "piessubcategorynamesjson": "[\"Carrots, Onions & Root Veg\",\"Beetroot & Carrot\"]",
            "sapsegmentno": "1",
            "productwidthmm": null,
            "contains": null,
            "sapsubcategoryname": "CARROT",
            "dermatologisttested": null,
            "wool_productpackaging": null,
            "dermatologicallyapproved": null,
            "specialsgroupid": null,
            "productimages": "135344.jpg",
            "productheightmm": null,
            "r&r_hidereviews": null,
            "microwavesafe": "False",
            "paba-free": null,
            "lifestyleclaim": null,
            "alcoholfree": null,
            "tgawarning": null,
            "activeconstituents": null,
            "microwaveable": "False",
            "soap-free": null,
            "countryoforigin": null,
            "isexcludedfromsubstitution": "False",
            "productimagecount": "1",
            "r&r_loggedinreviews": null,
            "anti-dandruff": null,
            "servingsize-total-nip": null,
            "tgahealthwarninglink": null,
            "allergenmaybepresent": null,
            "PiesProductDepartmentNodeId": "1-E5BEE36E",
            "parabenfree": "False",
            "vendorarticleid": null,
            "containsgluten": "False",
            "containsnuts": "False",
            "ingredients": null,
            "colour": null,
            "manufacturer": null,
            "sapcategoryno": "63",
            "storageinstructions": null,
            "tgawarnings": null,
            "piesdepartmentnamesjson": "[\"Fruit & Veg\"]",
            "brand": null,
            "oilfree": null,
            "fragrance": null,
            "antibacterial": "False",
            "non-comedogenic": null,
            "antiseptic": "False",
            "bpafree": "False",
            "vendorcostprice": null,
            "description": "<div>Woolworth's Select Carrot are selected fresh from Australian farms, the ever versatile carrots is perfect for cooking or eating raw as a fresh snack. Edible portion includes flesh only. <br><br><strong><em>What to look for</em></strong></div><div>Choose carrots that are firm, well formed, with a good orange colour. <br><br></div><div><strong><em>Availability</em></strong></div><div>All year.<br><br></div><div><strong><em>Store</em></strong></div><div>Refrigerate in plastic bags.<br><br></div><div><strong><em>How to prepare</em></strong></div><div>Trim ends and peel. Cut as required. Popular grated, finely sliced or diced for salads and juiced. Wash well or lightly scrape to ensure all soil is removed. Cut into rings, cubes, strips, or chunks. <br><br></div><div><strong><em>Ways to eat</em></strong></div><div>They can be eaten raw as snacks, or cooked and used in savoury and some sweet dishes, such as carrot cake or muffins. Carrots should be cooked until they are tender and depending on preference, still slightly crunchy. Cooked, tender carrots may be mashed or pur?ed.<br><br></div><div><strong><em>Cooking Methods</em></strong></div><div>Bake, barbecue, boil, braise, microwave, roast, steam, stew, stir fry.</div>",
            "sweatresistant": null,
            "sapsubcategoryno": "787",
            "antioxidant": "False",
            "claims": null,
            "phbalanced": null,
            "wool_dietaryclaim": null,
            "ophthalmologisttested": null,
            "sulfatefree": "False",
            "piescategorynamesjson": "[\"Vegetables\",\"Salad\"]",
            "servingsperpack-total-nip": null,
            "nutritionalinformation": null,
            "ovencook": "False",
            "vegetarian": "False",
            "hypo-allergenic": null,
            "timer": null,
            "dermatologistrecommended": null,
            "sapdepartmentno": "30",
            "allergencontains": null,
            "waterresistant": null,
            "friendlydisclaimer": null,
            "recyclableinformation": null,
            "usageinstructions": null,
            "freezable": "False"
          },
          "DetailsImagePaths": [
            "https://cdn0.woolworths.media/content/wowproductimages/large/135344.jpg"
          ],
          "Variety": null,
          "Rating": {
            "ReviewCount": 0,
            "RatingCount": 0,
            "RatingSum": 0,
            "OneStarCount": 0,
            "TwoStarCount": 0,
            "ThreeStarCount": 0,
            "FourStarCount": 0,
            "FiveStarCount": 0,
            "Average": 0,
            "OneStarPercentage": 0,
            "TwoStarPercentage": 0,
            "ThreeStarPercentage": 0,
            "FourStarPercentage": 0,
            "FiveStarPercentage": 0
          },
          "HasProductSubs": false,
          "IsSponsoredAd": false,
          "AdID": null,
          "AdIndex": null,
          "AdStatus": null,
          "IsMarketProduct": false,
          "IsGiftable": false,
          "Vendor": null,
          "Untraceable": false,
          "ThirdPartyProductInfo": null,
          "MarketFeatures": null,
          "MarketSpecifications": null,
          "SupplyLimitSource": "ProductLimit",
          "Tags": [
            {
              "Content": {
                "Type": "Roundel",
                "Position": "Top",
                "Attributes": {
                  "ImagePath": "/content/promotiontags/australian-grown-roundel-200x200.png",
                  "FallbackText": "Australian Grown"
                },
                "FFPVAttributes": null
              },
              "TemplateId": null,
              "Metadata": null
            }
          ],
          "IsPersonalisedByPurchaseHistory": false,
          "IsFromFacetedSearch": false,
          "NextAvailabilityDate": "2026-01-26T00:00:00.0000000Z",
          "NumberOfSubstitutes": 0,
          "IsPrimaryVariant": false,
          "VariantGroupId": 0,
          "HasVariants": false,
          "VariantTitle": null,
          "IsTobacco": false,
          "IsFreeShipping": null,
          "FulfilmentStoreId": 1101,
          "B2BExtendedRange": null,
          "OfferId": null,
          "BundleProductGroups": null
        }
      ],
      "Name": "Carrot Fresh",
      "DisplayName": "Carrot Fresh each"
    },
    {
      "Products": [
        {
          "TileID": 2,
          "Stockcode": 135369,
          "Barcode": "9300633121051",
          "GtinFormat": 13,
          "CupPrice": 2.4,
          "InstoreCupPrice": 2.4,
          "CupMeasure": "1KG",
          "CupString": "$2.40 / 1KG",
          "InstoreCupString": "$2.40 / 1KG",
          "HasCupPrice": true,
          "InstoreHasCupPrice": true,
          "Price": 2.4,
          "IncrementalPrice": null,
          "IncrementalWasPrice": null,
          "IncrementalMinimumQuantity": null,
          "IncrementalMinimumQuantityUnit": "g",
          "PricePerKGLabel": "Price per Kg charged",
          "MinWeightPrice": null,
          "MaxWeightPrice": null,
          "InstorePrice": 2.4,
          "Name": "Woolworths Australian Grown Carrots",
          "DisplayName": "Woolworths Australian Grown Carrots 1kg",
          "UrlFriendlyName": "woolworths-australian-grown-carrots",
          "Description": " Woolworths Australian Grown<br>Carrots 1kg",
          "SmallImageFile": "https://cdn0.woolworths.media/content/wowproductimages/small/135369.jpg",
          "MediumImageFile": "https://cdn0.woolworths.media/content/wowproductimages/medium/135369.jpg",
          "LargeImageFile": "https://cdn0.woolworths.media/content/wowproductimages/large/135369.jpg",
          "IsNew": false,
          "IsHalfPrice": false,
          "IsOnlineOnly": false,
          "IsOnSpecial": false,
          "InstoreIsOnSpecial": false,
          "IsEdrSpecial": false,
          "SavingsAmount": 0.0,
          "InstoreSavingsAmount": 0.0,
          "WasPrice": 2.4,
          "InstoreWasPrice": 2.4,
          "QuantityInTrolley": 0,
          "Unit": "Each",
          "MinimumQuantity": 1,
          "HasBeenBoughtBefore": false,
          "IsInTrolley": false,
          "Source": "SearchServiceSearchProducts",
          "SupplyLimit": 36,
          "ProductLimit": 36,
          "MaxSupplyLimitMessage": "36 item limit",
          "IsRanged": true,
          "IsInStock": true,
          "PackageSize": "1kg",
          "IsPmDelivery": false,
          "IsForCollection": true,
          "IsForDelivery": true,
          "IsForExpress": true,
          "ProductRestrictionMessage": null,
          "ProductWarningMessage": null,
          "CentreTag": {
            "TagContent": null,
            "TagLink": null,
            "FallbackText": null,
            "TagType": "None",
            "MultibuyData": null,
            "MemberPriceData": null,
            "FFPVMemberPriceData": null,
            "TagContentText": null,
            "DualImageTagContent": null,
            "PromotionType": "NOT_SET",
            "IsRegisteredRewardCardPromotion": false
          },
          "IsCentreTag": false,
          "ImageTag": {
            "TagContent": "/content/promotiontags/australian-grown-roundel-200x200.png",
            "TagLink": null,
            "FallbackText": "Australian Grown",
            "TagType": "Image",
            "MultibuyData": null,
            "MemberPriceData": null,
            "FFPVMemberPriceData": null,
            "TagContentText": null,
            "DualImageTagContent": null,
            "PromotionType": "NOT_SET",
            "IsRegisteredRewardCardPromotion": false
          },
          "HeaderTag": null,
          "HasHeaderTag": false,
          "UnitWeightInGrams": 0,
          "SupplyLimitMessage": "'Woolworths Australian Grown Carrots' has a supply limit of 36. The quantity in your cart has been reduced accordingly. To purchase a larger quantity, please contact us on 1800 000 610. Please note we do not supply trade orders.",
          "SmallFormatDescription": "Woolworths Australian Grown Carrots",
          "FullDescription": "Woolworths Australian Grown Carrots",
          "IsAvailable": true,
          "InstoreIsAvailable": true,
          "IsPurchasable": true,
          "InstoreIsPurchasable": true,
          "AgeRestricted": false,
          "DisplayQuantity": 1,
          "RichDescription": null,
          "HideWasSavedPrice": false,
          "SapCategories": null,
          "Brand": "Woolworths",
          "IsRestrictedByDeliveryMethod": false,
          "FooterTag": {
            "TagContent": null,
            "TagLink": null,
            "FallbackText": null,
            "TagType": "None",
            "MultibuyData": null,
            "MemberPriceData": null,
            "FFPVMemberPriceData": null,
            "TagContentText": null,
            "DualImageTagContent": null,
            "PromotionType": "NOT_SET",
            "IsRegisteredRewardCardPromotion": false
          },
          "IsFooterEnabled": false,
          "Diagnostics": "1",
          "IsBundle": false,
          "IsInFamily": false,
          "ChildProducts": null,
          "UrlOverride": null,
          "AdditionalAttributes": {
            "boxedcontents": null,
            "addedvitaminsandminerals": "False",
            "sapdepartmentname": "FRUIT AND VEG",
            "spf": null,
            "haircolour": null,
            "lifestyleanddietarystatement": "Low Fat,Low Salt,Low Sugar",
            "sapcategoryname": "VEG / FRESHCUTS / HARD PRODUCE",
            "skintype": null,
            "importantinformation": null,
            "allergystatement": null,
            "productdepthmm": null,
            "skincondition": null,
            "ophthalmologistapproved": null,
            "healthstarrating": "5",
            "hairtype": null,
            "fragrance-free": null,
            "sapsegmentname": "CARROTS P/P",
            "suitablefor": null,
            "PiesProductDepartmentsjson": "[{\"Id\":\"1_9E92C35\",\"Description\":\"Lunch Box\"},{\"Id\":\"1-E5BEE36E\",\"Description\":\"Fruit & Veg\"}]",
            "piessubcategorynamesjson": "[\"Snacking\",\"Snacking Vegetables\",\"Carrots, Onions & Root Veg\",\"Prepacked Vegetables\",\"Beetroot & Carrot\"]",
            "sapsegmentno": "2",
            "productwidthmm": null,
            "contains": null,
            "sapsubcategoryname": "CARROT",
            "dermatologisttested": null,
            "wool_productpackaging": null,
            "dermatologicallyapproved": null,
            "specialsgroupid": null,
            "productimages": "135369.jpg",
            "productheightmm": null,
            "r&r_hidereviews": null,
            "microwavesafe": "False",
            "paba-free": null,
            "lifestyleclaim": null,
            "alcoholfree": null,
            "tgawarning": null,
            "activeconstituents": null,
            "microwaveable": "False",
            "soap-free": null,
            "countryoforigin": null,
            "isexcludedfromsubstitution": "False",
            "productimagecount": "1",
            "r&r_loggedinreviews": null,
            "anti-dandruff": null,
            "servingsize-total-nip": null,
            "tgahealthwarninglink": null,
            "allergenmaybepresent": null,
            "PiesProductDepartmentNodeId": "1_9E92C35",
            "parabenfree": "False",
            "vendorarticleid": null,
            "containsgluten": "False",
            "containsnuts": "False",
            "ingredients": null,
            "colour": null,
            "manufacturer": null,
            "sapcategoryno": "63",
            "storageinstructions": "Keep Refrigerated",
            "tgawarnings": null,
            "piesdepartmentnamesjson": "[\"Lunch Box\",\"Fruit & Veg\"]",
            "brand": "woolworths",
            "oilfree": null,
            "fragrance": null,
            "antibacterial": "False",
            "non-comedogenic": null,
            "antiseptic": "False",
            "bpafree": "False",
            "vendorcostprice": null,
            "description": "1/2 Cup = 1 Serve Of Vegetables^ ^One serve of vegetables is approximately 75g. Australian Dietary Guidelines recommend 5 serves of vegetables per day.  Source of Vitamin A to support a healthy immune system and vision. One 75g serve contains 1276ug (170% Recommended Dietary Intake) of Vitamin A as part of a healthy balanced diet.",
            "sweatresistant": null,
            "sapsubcategoryno": "787",
            "antioxidant": "False",
            "claims": null,
            "phbalanced": null,
            "wool_dietaryclaim": null,
            "ophthalmologisttested": null,
            "sulfatefree": "False",
            "piescategorynamesjson": "[\"Fruit & Veg\",\"Vegetables\",\"Snacking\",\"Salad\"]",
            "servingsperpack-total-nip": null,
            "nutritionalinformation": "{\"Name\":\"Nutritional Information\",\"Attributes\":[{\"Id\":702,\"Name\":\"Calcium Quantity Per 100g - Total - NIP\",\"Value\":\"30mg\",\"Description\":\"Calcium Quantity Per 100g - Total - NIP\",\"SortOrder\":71},{\"Id\":705,\"Name\":\"Carbohydrate Quantity Per 100g - Total - NIP\",\"Value\":\"5g\",\"Description\":\"Carbohydrate Quantity Per 100g - Total - NIP\",\"SortOrder\":83},{\"Id\":191,\"Name\":\"Dietary Fibre Quantity Per 100g - Total - NIP\",\"Value\":\"4g\",\"Description\":\"Dietary Fibre Quantity Per 100g - Total - NIP\",\"SortOrder\":175},{\"Id\":759,\"Name\":\"Energy kJ Quantity Per 100g - Total - NIP\",\"Value\":\"133kJ\",\"Description\":\"Energy kJ Quantity Per 100g - Total - NIP\",\"SortOrder\":239},{\"Id\":764,\"Name\":\"Fat Total Quantity Per 100g - Total - NIP\",\"Value\":\"0.1g\",\"Description\":\"Fat Total Quantity Per 100g - Total - NIP\",\"SortOrder\":263},{\"Id\":166,\"Name\":\"Fat Total Quantity Per 100g - ValueWord - NIP\",\"Value\":\"0.1\",\"Description\":\"Fat Total Quantity Per 100g - ValueWord - NIP\",\"SortOrder\":264},{\"Id\":443,\"Name\":\"Potassium Quantity Per 100g - Total - NIP\",\"Value\":\"270mg\",\"Description\":\"Potassium Quantity Per 100g - Total - NIP\",\"SortOrder\":575},{\"Id\":878,\"Name\":\"Protein Quantity Per 100g - Total - NIP\",\"Value\":\"0.8g\",\"Description\":\"Protein Quantity Per 100g - Total - NIP\",\"SortOrder\":587},{\"Id\":491,\"Name\":\"Sodium Quantity Per 100g - Total - NIP\",\"Value\":\"38mg\",\"Description\":\"Sodium Quantity Per 100g - Total - NIP\",\"SortOrder\":623},{\"Id\":908,\"Name\":\"Sugars Quantity Per 100g - SuffixUnits - NIP\",\"Value\":\"g\",\"Description\":\"Sugars Quantity Per 100g - SuffixUnits - NIP\",\"SortOrder\":646},{\"Id\":909,\"Name\":\"Sugars Quantity Per 100g - Total - NIP\",\"Value\":\"5g\",\"Description\":\"Sugars Quantity Per 100g - Total - NIP\",\"SortOrder\":647},{\"Id\":910,\"Name\":\"Sugars Quantity Per 100g - ValueWord - NIP\",\"Value\":\"5\",\"Description\":\"Sugars Quantity Per 100g - ValueWord - NIP\",\"SortOrder\":648}]}",
            "ovencook": "False",
            "vegetarian": "False",
            "hypo-allergenic": null,
            "timer": null,
            "dermatologistrecommended": null,
            "sapdepartmentno": "30",
            "allergencontains": null,
            "waterresistant": null,
            "friendlydisclaimer": null,
            "recyclableinformation": null,
            "usageinstructions": null,
            "freezable": "False"
          },
          "DetailsImagePaths": [
            "https://cdn0.woolworths.media/content/wowproductimages/large/135369.jpg"
          ],
          "Variety": "Carrots",
          "Rating": {
            "ReviewCount": 0,
            "RatingCount": 0,
            "RatingSum": 0,
            "OneStarCount": 0,
            "TwoStarCount": 0,
            "ThreeStarCount": 0,
            "FourStarCount": 0,
            "FiveStarCount": 0,
            "Average": 0,
            "OneStarPercentage": 0,
            "TwoStarPercentage": 0,
            "ThreeStarPercentage": 0,
            "FourStarPercentage": 0,
            "FiveStarPercentage": 0
          },
          "HasProductSubs": false,
          "IsSponsoredAd": false,
          "AdID": null,
          "AdIndex": null,
          "AdStatus": null,
          "IsMarketProduct": false,
          "IsGiftable": false,
          "Vendor": null,
          "Untraceable": false,
          "ThirdPartyProductInfo": null,
          "MarketFeatures": null,
          "MarketSpecifications": null,
          "SupplyLimitSource": "ProductLimit",
          "Tags": [
            {
              "Content": {
                "Type": "Roundel",
                "Position": "Top",
                "Attributes": {
                  "ImagePath": "/content/promotiontags/australian-grown-roundel-200x200.png",
                  "FallbackText": "Australian Grown"
                },
                "FFPVAttributes": null
              },
              "TemplateId": null,
              "Metadata": null
            }
          ],
          "IsPersonalisedByPurchaseHistory": false,
          "IsFromFacetedSearch": false,
          "NextAvailabilityDate": "2026-01-26T00:00:00.0000000Z",
          "NumberOfSubstitutes": 0,
          "IsPrimaryVariant": false,
          "VariantGroupId": 0,
          "HasVariants": false,
          "VariantTitle": null,
          "IsTobacco": false,
          "IsFreeShipping": null,
          "FulfilmentStoreId": 1101,
          "B2BExtendedRange": null,
          "OfferId": null,
          "BundleProductGroups": null
        }
      ],
      "Name": "Woolworths Australian Grown Carrots",
      "DisplayName": "Woolworths Australian Grown Carrots 1kg"
    },
    {
      "Products": [
        {
          "TileID": 3,
          "Stockcode": 288440,
          "Barcode": "9339687341580",
          "GtinFormat": 13,
          "CupPrice": 1.33,
          "InstoreCupPrice": 1.33,
          "CupMeasure": "1KG",
          "CupString": "$1.33 / 1KG",
          "InstoreCupString": "$1.33 / 1KG",
          "HasCupPrice": true,
          "InstoreHasCupPrice": true,
          "Price": 2,
          "IncrementalPrice": null,
          "IncrementalWasPrice": null,
          "IncrementalMinimumQuantity": null,
          "IncrementalMinimumQuantityUnit": "g",
          "PricePerKGLabel": "Price per Kg charged",
          "MinWeightPrice": null,
          "MaxWeightPrice": null,
          "InstorePrice": 2,
          "Name": "The Odd Bunch Carrots",
          "DisplayName": "The Odd Bunch Carrots 1.5kg",
          "UrlFriendlyName": "the-odd-bunch-carrots",
          "Description": " The Odd Bunch Carrots  1.5kg",
          "SmallImageFile": "https://cdn0.woolworths.media/content/wowproductimages/small/288440.jpg",
          "MediumImageFile": "https://cdn0.woolworths.media/content/wowproductimages/medium/288440.jpg",
          "LargeImageFile": "https://cdn0.woolworths.media/content/wowproductimages/large/288440.jpg",
          "IsNew": false,
          "IsHalfPrice": false,
          "IsOnlineOnly": false,
          "IsOnSpecial": false,
          "InstoreIsOnSpecial": false,
          "IsEdrSpecial": false,
          "SavingsAmount": 0,
          "InstoreSavingsAmount": 0,
          "WasPrice": 2,
          "InstoreWasPrice": 2,
          "QuantityInTrolley": 0,
          "Unit": "Each",
          "MinimumQuantity": 1,
          "HasBeenBoughtBefore": false,
          "IsInTrolley": false,
          "Source": "SearchServiceSearchProducts",
          "SupplyLimit": 28,
          "ProductLimit": 36,
          "MaxSupplyLimitMessage": "28 item(s) left",
          "IsRanged": true,
          "IsInStock": true,
          "PackageSize": "1.5kg",
          "IsPmDelivery": false,
          "IsForCollection": true,
          "IsForDelivery": true,
          "IsForExpress": true,
          "ProductRestrictionMessage": null,
          "ProductWarningMessage": null,
          "CentreTag": {
            "TagContent": null,
            "TagLink": null,
            "FallbackText": null,
            "TagType": "None",
            "MultibuyData": null,
            "MemberPriceData": null,
            "FFPVMemberPriceData": null,
            "TagContentText": null,
            "DualImageTagContent": null,
            "PromotionType": "NOT_SET",
            "IsRegisteredRewardCardPromotion": false
          },
          "IsCentreTag": false,
          "ImageTag": {
            "TagContent": "/content/promotiontags/australian-grown-roundel-200x200.png",
            "TagLink": null,
            "FallbackText": "Australian Grown",
            "TagType": "Image",
            "MultibuyData": null,
            "MemberPriceData": null,
            "FFPVMemberPriceData": null,
            "TagContentText": null,
            "DualImageTagContent": null,
            "PromotionType": "NOT_SET",
            "IsRegisteredRewardCardPromotion": false
          },
          "HeaderTag": null,
          "HasHeaderTag": false,
          "UnitWeightInGrams": 0,
          "SupplyLimitMessage": "'The Odd Bunch Carrots' has a supply limit of 28. The quantity in your cart has been reduced accordingly. To purchase a larger quantity, please contact us on 1800 000 610. Please note we do not supply trade orders.",
          "SmallFormatDescription": "The Odd Bunch Carrots ",
          "FullDescription": "The Odd Bunch Carrots ",
          "IsAvailable": true,
          "InstoreIsAvailable": true,
          "IsPurchasable": true,
          "InstoreIsPurchasable": true,
          "AgeRestricted": false,
          "DisplayQuantity": 1,
          "RichDescription": null,
          "HideWasSavedPrice": false,
          "SapCategories": null,
          "Brand": "The Odd Bunch",
          "IsRestrictedByDeliveryMethod": false,
          "FooterTag": {
            "TagContent": null,
            "TagLink": null,
            "FallbackText": null,
            "TagType": "None",
            "MultibuyData": null,
            "MemberPriceData": null,
            "FFPVMemberPriceData": null,
            "TagContentText": null,
            "DualImageTagContent": null,
            "PromotionType": "NOT_SET",
            "IsRegisteredRewardCardPromotion": false
          },
          "IsFooterEnabled": false,
          "Diagnostics": "2",
          "IsBundle": false,
          "IsInFamily": false,
          "ChildProducts": null,
          "UrlOverride": null,
          "AdditionalAttributes": {
            "boxedcontents": null,
            "addedvitaminsandminerals": "False",
            "sapdepartmentname": "FRUIT AND VEG",
            "spf": null,
            "haircolour": null,
            "lifestyleanddietarystatement": null,
            "sapcategoryname": "VEG / FRESHCUTS / HARD PRODUCE",
            "skintype": null,
            "importantinformation": null,
            "allergystatement": null,
            "productdepthmm": null,
            "skincondition": null,
            "ophthalmologistapproved": null,
            "healthstarrating": null,
            "hairtype": null,
            "fragrance-free": null,
            "sapsegmentname": "CARROTS P/P",
            "suitablefor": null,
            "PiesProductDepartmentsjson": "[{\"Id\":\"1_9E92C35\",\"Description\":\"Lunch Box\"},{\"Id\":\"1-E5BEE36E\",\"Description\":\"Fruit & Veg\"}]",
            "piessubcategorynamesjson": "[\"Snacking\",\"Snacking Vegetables\",\"Carrots, Onions & Root Veg\",\"Prepacked Vegetables\",\"Beetroot & Carrot\"]",
            "sapsegmentno": "2",
            "productwidthmm": null,
            "contains": null,
            "sapsubcategoryname": "CARROT",
            "dermatologisttested": null,
            "wool_productpackaging": null,
            "dermatologicallyapproved": null,
            "specialsgroupid": null,
            "productimages": "288440.jpg,288440_7.jpg",
            "productheightmm": null,
            "r&r_hidereviews": null,
            "microwavesafe": "False",
            "paba-free": null,
            "lifestyleclaim": null,
            "alcoholfree": null,
            "tgawarning": null,
            "activeconstituents": null,
            "microwaveable": "False",
            "soap-free": null,
            "countryoforigin": null,
            "isexcludedfromsubstitution": "False",
            "productimagecount": "2",
            "r&r_loggedinreviews": null,
            "anti-dandruff": null,
            "servingsize-total-nip": null,
            "tgahealthwarninglink": null,
            "allergenmaybepresent": null,
            "PiesProductDepartmentNodeId": "1_9E92C35",
            "parabenfree": "False",
            "vendorarticleid": null,
            "containsgluten": "False",
            "containsnuts": "False",
            "ingredients": null,
            "colour": null,
            "manufacturer": null,
            "sapcategoryno": "63",
            "storageinstructions": null,
            "tgawarnings": null,
            "piesdepartmentnamesjson": "[\"Lunch Box\",\"Fruit & Veg\"]",
            "brand": "the odd bunch",
            "oilfree": null,
            "fragrance": null,
            "antibacterial": "False",
            "non-comedogenic": null,
            "antiseptic": "False",
            "bpafree": "False",
            "vendorcostprice": null,
            "description": null,
            "sweatresistant": null,
            "sapsubcategoryno": "787",
            "antioxidant": "False",
            "claims": null,
            "phbalanced": null,
            "wool_dietaryclaim": null,
            "ophthalmologisttested": null,
            "sulfatefree": "False",
            "piescategorynamesjson": "[\"Fruit & Veg\",\"Vegetables\",\"Snacking\",\"Salad\"]",
            "servingsperpack-total-nip": null,
            "nutritionalinformation": null,
            "ovencook": "False",
            "vegetarian": "False",
            "hypo-allergenic": null,
            "timer": null,
            "dermatologistrecommended": null,
            "sapdepartmentno": "30",
            "allergencontains": null,
            "waterresistant": null,
            "friendlydisclaimer": null,
            "recyclableinformation": null,
            "usageinstructions": null,
            "freezable": "False"
          },
          "DetailsImagePaths": [
            "https://cdn0.woolworths.media/content/wowproductimages/large/288440.jpg"
          ],
          "Variety": null,
          "Rating": {
            "ReviewCount": 0,
            "RatingCount": 0,
            "RatingSum": 0,
            "OneStarCount": 0,
            "TwoStarCount": 0,
            "ThreeStarCount": 0,
            "FourStarCount": 0,
            "FiveStarCount": 0,
            "Average": 0,
            "OneStarPercentage": 0,
            "TwoStarPercentage": 0,
            "ThreeStarPercentage": 0,
            "FourStarPercentage": 0,
            "FiveStarPercentage": 0
          },
          "HasProductSubs": false,
          "IsSponsoredAd": false,
          "AdID": null,
          "AdIndex": null,
          "AdStatus": null,
          "IsMarketProduct": false,
          "IsGiftable": false,
          "Vendor": null,
          "Untraceable": false,
          "ThirdPartyProductInfo": null,
          "MarketFeatures": null,
          "MarketSpecifications": null,
          "SupplyLimitSource": "StockQuantity",
          "Tags": [
            {
              "Content": {
                "Type": "Roundel",
                "Position": "Top",
                "Attributes": {
                  "ImagePath": "/content/promotiontags/australian-grown-roundel-200x200.png",
                  "FallbackText": "Australian Grown"
                },
                "FFPVAttributes": null
              },
              "TemplateId": null,
              "Metadata": null
            }
          ],
          "IsPersonalisedByPurchaseHistory": false,
          "IsFromFacetedSearch": false,
          "NextAvailabilityDate": "2026-01-26T00:00:00.0000000Z",
          "NumberOfSubstitutes": 0,
          "IsPrimaryVariant": false,
          "VariantGroupId": 0,
          "HasVariants": false,
          "VariantTitle": null,
          "IsTobacco": false,
          "IsFreeShipping": null,
          "FulfilmentStoreId": 1101,
          "B2BExtendedRange": null,
          "OfferId": null,
          "BundleProductGroups": null
        }
      ],
      "Name": "The Odd Bunch Carrots",
      "DisplayName": "The Odd Bunch Carrots 1.5kg"
    },
    {
      "Products": [
        {
          "TileID": 4,
          "Stockcode": 742824,
          "Barcode": "9300633379568",
          "GtinFormat": 13,
          "CupPrice": 3.6,
          "InstoreCupPrice": 3.6,
          "CupMeasure": "1KG",
          "CupString": "$3.60 / 1KG",
          "InstoreCupString": "$3.60 / 1KG",
          "HasCupPrice": true,
          "InstoreHasCupPrice": true,
          "Price": 1.8,
          "IncrementalPrice": null,
          "IncrementalWasPrice": null,
          "IncrementalMinimumQuantity": null,
          "IncrementalMinimumQuantityUnit": "g",
          "PricePerKGLabel": "Price per Kg charged",
          "MinWeightPrice": null,
          "MaxWeightPrice": null,
          "InstorePrice": 1.8,
          "Name": "Woolworths Baby Carrots",
          "DisplayName": "Woolworths Baby Carrots 500g",
          "UrlFriendlyName": "woolworths-baby-carrots",
          "Description": " Woolworths Baby Carrots  500g",
          "SmallImageFile": "https://cdn0.woolworths.media/content/wowproductimages/small/742824.jpg",
          "MediumImageFile": "https://cdn0.woolworths.media/content/wowproductimages/medium/742824.jpg",
          "LargeImageFile": "https://cdn0.woolworths.media/content/wowproductimages/large/742824.jpg",
          "IsNew": false,
          "IsHalfPrice": false,
          "IsOnlineOnly": false,
          "IsOnSpecial": false,
          "InstoreIsOnSpecial": false,
          "IsEdrSpecial": false,
          "SavingsAmount": 0.0,
          "InstoreSavingsAmount": 0.0,
          "WasPrice": 1.8,
          "InstoreWasPrice": 1.8,
          "QuantityInTrolley": 0,
          "Unit": "Each",
          "MinimumQuantity": 1,
          "HasBeenBoughtBefore": false,
          "IsInTrolley": false,
          "Source": "SearchServiceSearchProducts",
          "SupplyLimit": 36,
          "ProductLimit": 36,
          "MaxSupplyLimitMessage": "36 item limit",
          "IsRanged": true,
          "IsInStock": true,
          "PackageSize": "500g",
          "IsPmDelivery": false,
          "IsForCollection": true,
          "IsForDelivery": true,
          "IsForExpress": true,
          "ProductRestrictionMessage": null,
          "ProductWarningMessage": null,
          "CentreTag": {
            "TagContent": null,
            "TagLink": null,
            "FallbackText": null,
            "TagType": "None",
            "MultibuyData": null,
            "MemberPriceData": null,
            "FFPVMemberPriceData": null,
            "TagContentText": null,
            "DualImageTagContent": null,
            "PromotionType": "NOT_SET",
            "IsRegisteredRewardCardPromotion": false
          },
          "IsCentreTag": false,
          "ImageTag": {
            "TagContent": "/content/promotiontags/australian-grown-roundel-200x200.png",
            "TagLink": null,
            "FallbackText": "Australian Grown",
            "TagType": "Image",
            "MultibuyData": null,
            "MemberPriceData": null,
            "FFPVMemberPriceData": null,
            "TagContentText": null,
            "DualImageTagContent": null,
            "PromotionType": "NOT_SET",
            "IsRegisteredRewardCardPromotion": false
          },
          "HeaderTag": null,
          "HasHeaderTag": false,
          "UnitWeightInGrams": 0,
          "SupplyLimitMessage": "'Woolworths Baby Carrots' has a supply limit of 36. The quantity in your cart has been reduced accordingly. To purchase a larger quantity, please contact us on 1800 000 610. Please note we do not supply trade orders.",
          "SmallFormatDescription": "Woolworths Baby Carrots ",
          "FullDescription": "Woolworths Baby Carrots ",
          "IsAvailable": true,
          "InstoreIsAvailable": true,
          "IsPurchasable": true,
          "InstoreIsPurchasable": true,
          "AgeRestricted": false,
          "DisplayQuantity": 1,
          "RichDescription": null,
          "HideWasSavedPrice": false,
          "SapCategories": null,
          "Brand": "Woolworths",
          "IsRestrictedByDeliveryMethod": false,
          "FooterTag": {
            "TagContent": null,
            "TagLink": null,
            "FallbackText": null,
            "TagType": "None",
            "MultibuyData": null,
            "MemberPriceData": null,
            "FFPVMemberPriceData": null,
            "TagContentText": null,
            "DualImageTagContent": null,
            "PromotionType": "NOT_SET",
            "IsRegisteredRewardCardPromotion": false
          },
          "IsFooterEnabled": false,
          "Diagnostics": "3",
          "IsBundle": false,
          "IsInFamily": false,
          "ChildProducts": null,
          "UrlOverride": null,
          "AdditionalAttributes": {
            "boxedcontents": null,
            "addedvitaminsandminerals": "False",
            "sapdepartmentname": "FRUIT AND VEG",
            "spf": null,
            "haircolour": null,
            "lifestyleanddietarystatement": null,
            "sapcategoryname": "VEG / FRESHCUTS / HARD PRODUCE",
            "skintype": null,
            "importantinformation": null,
            "allergystatement": null,
            "productdepthmm": null,
            "skincondition": null,
            "ophthalmologistapproved": null,
            "healthstarrating": "5",
            "hairtype": null,
            "fragrance-free": null,
            "sapsegmentname": "CARROTS P/P",
            "suitablefor": null,
            "PiesProductDepartmentsjson": "[{\"Id\":\"1_9E92C35\",\"Description\":\"Lunch Box\"},{\"Id\":\"1-E5BEE36E\",\"Description\":\"Fruit & Veg\"}]",
            "piessubcategorynamesjson": "[\"Snacking\",\"Snacking Vegetables\",\"Carrots, Onions & Root Veg\",\"Prepacked Vegetables\",\"Beetroot & Carrot\"]",
            "sapsegmentno": "2",
            "productwidthmm": null,
            "contains": null,
            "sapsubcategoryname": "CARROT",
            "dermatologisttested": null,
            "wool_productpackaging": null,
            "dermatologicallyapproved": null,
            "specialsgroupid": null,
            "productimages": "742824.jpg",
            "productheightmm": null,
            "r&r_hidereviews": null,
            "microwavesafe": "False",
            "paba-free": null,
            "lifestyleclaim": null,
            "alcoholfree": null,
            "tgawarning": null,
            "activeconstituents": null,
            "microwaveable": "False",
            "soap-free": null,
            "countryoforigin": null,
            "isexcludedfromsubstitution": "False",
            "productimagecount": "1",
            "r&r_loggedinreviews": null,
            "anti-dandruff": null,
            "servingsize-total-nip": null,
            "tgahealthwarninglink": null,
            "allergenmaybepresent": null,
            "PiesProductDepartmentNodeId": "1_9E92C35",
            "parabenfree": "False",
            "vendorarticleid": null,
            "containsgluten": "False",
            "containsnuts": "False",
            "ingredients": null,
            "colour": null,
            "manufacturer": null,
            "sapcategoryno": "63",
            "storageinstructions": "Keep Refrigerated",
            "tgawarnings": null,
            "piesdepartmentnamesjson": "[\"Lunch Box\",\"Fruit & Veg\"]",
            "brand": "woolworths",
            "oilfree": null,
            "fragrance": null,
            "antibacterial": "False",
            "non-comedogenic": null,
            "antiseptic": "False",
            "bpafree": "False",
            "vendorcostprice": null,
            "description": "1/2 Cup = 1 Serve Of Vegetables^ ^One serve of vegetables is approximately 75g. Australian Dietary Guidelines recommend 5 serves of vegetables per day.  Source of Vitamin A to support a healthy immune system and vision. One 75g serve contains 1276ug (170% Recommended Dietary Intake) of Vitamin A as part of a healthy balanced diet.",
            "sweatresistant": null,
            "sapsubcategoryno": "787",
            "antioxidant": "False",
            "claims": null,
            "phbalanced": null,
            "wool_dietaryclaim": null,
            "ophthalmologisttested": null,
            "sulfatefree": "False",
            "piescategorynamesjson": "[\"Fruit & Veg\",\"Vegetables\",\"Snacking\",\"Salad\"]",
            "servingsperpack-total-nip": null,
            "nutritionalinformation": "{\"Name\":\"Nutritional Information\",\"Attributes\":[{\"Id\":908,\"Name\":\"Sugars Quantity Per 100g - SuffixUnits - NIP\",\"Value\":\"g\",\"Description\":\"Sugars Quantity Per 100g - SuffixUnits - NIP\",\"SortOrder\":646}]}",
            "ovencook": "False",
            "vegetarian": "False",
            "hypo-allergenic": null,
            "timer": null,
            "dermatologistrecommended": null,
            "sapdepartmentno": "30",
            "allergencontains": null,
            "waterresistant": null,
            "friendlydisclaimer": null,
            "recyclableinformation": null,
            "usageinstructions": null,
            "freezable": "False"
          },
          "DetailsImagePaths": [
            "https://cdn0.woolworths.media/content/wowproductimages/large/742824.jpg"
          ],
          "Variety": null,
          "Rating": {
            "ReviewCount": 0,
            "RatingCount": 0,
            "RatingSum": 0,
            "OneStarCount": 0,
            "TwoStarCount": 0,
            "ThreeStarCount": 0,
            "FourStarCount": 0,
            "FiveStarCount": 0,
            "Average": 0,
            "OneStarPercentage": 0,
            "TwoStarPercentage": 0,
            "ThreeStarPercentage": 0,
            "FourStarPercentage": 0,
            "FiveStarPercentage": 0
          },
          "HasProductSubs": false,
          "IsSponsoredAd": false,
          "AdID": null,
          "AdIndex": null,
          "AdStatus": null,
          "IsMarketProduct": false,
          "IsGiftable": false,
          "Vendor": null,
          "Untraceable": false,
          "ThirdPartyProductInfo": null,
          "MarketFeatures": null,
          "MarketSpecifications": null,
          "SupplyLimitSource": "ProductLimit",
          "Tags": [
            {
              "Content": {
                "Type": "Roundel",
                "Position": "Top",
                "Attributes": {
                  "ImagePath": "/content/promotiontags/australian-grown-roundel-200x200.png",
                  "FallbackText": "Australian Grown"
                },
                "FFPVAttributes": null
              },
              "TemplateId": null,
              "Metadata": null
            }
          ],
          "IsPersonalisedByPurchaseHistory": false,
          "IsFromFacetedSearch": false,
          "NextAvailabilityDate": "2026-01-26T00:00:00.0000000Z",
          "NumberOfSubstitutes": 0,
          "IsPrimaryVariant": false,
          "VariantGroupId": 0,
          "HasVariants": false,
          "VariantTitle": null,
          "IsTobacco": false,
          "IsFreeShipping": null,
          "FulfilmentStoreId": 1101,
          "B2BExtendedRange": null,
          "OfferId": null,
          "BundleProductGroups": null
        }
      ],
      "Name": "Woolworths Baby Carrots",
      "DisplayName": "Woolworths Baby Carrots 500g"
    },
    {
      "Products": [
        {
          "TileID": 5,
          "Stockcode": 85794,
          "Barcode": "9339687164950",
          "GtinFormat": 13,
          "CupPrice": 16,
          "InstoreCupPrice": 16,
          "CupMeasure": "1KG",
          "CupString": "$16.00 / 1KG",
          "InstoreCupString": "$16.00 / 1KG",
          "HasCupPrice": true,
          "InstoreHasCupPrice": true,
          "Price": 4,
          "IncrementalPrice": null,
          "IncrementalWasPrice": null,
          "IncrementalMinimumQuantity": null,
          "IncrementalMinimumQuantityUnit": "g",
          "PricePerKGLabel": "Price per Kg charged",
          "MinWeightPrice": null,
          "MaxWeightPrice": null,
          "InstorePrice": 4,
          "Name": "Woolworths Snackable Snacking Carrot",
          "DisplayName": "Woolworths Snackable Snacking Carrot 250g",
          "UrlFriendlyName": "woolworths-snackable-snacking-carrot",
          "Description": " Woolworths Snackable<br>Snacking Carrot  250g",
          "SmallImageFile": "https://cdn0.woolworths.media/content/wowproductimages/small/085794.jpg",
          "MediumImageFile": "https://cdn0.woolworths.media/content/wowproductimages/medium/085794.jpg",
          "LargeImageFile": "https://cdn0.woolworths.media/content/wowproductimages/large/085794.jpg",
          "IsNew": false,
          "IsHalfPrice": false,
          "IsOnlineOnly": false,
          "IsOnSpecial": false,
          "InstoreIsOnSpecial": false,
          "IsEdrSpecial": false,
          "SavingsAmount": 0,
          "InstoreSavingsAmount": 0,
          "WasPrice": 4,
          "InstoreWasPrice": 4,
          "QuantityInTrolley": 0,
          "Unit": "Each",
          "MinimumQuantity": 1,
          "HasBeenBoughtBefore": false,
          "IsInTrolley": false,
          "Source": "SearchServiceSearchProducts",
          "SupplyLimit": 36,
          "ProductLimit": 36,
          "MaxSupplyLimitMessage": "36 item limit",
          "IsRanged": true,
          "IsInStock": true,
          "PackageSize": "250g",
          "IsPmDelivery": false,
          "IsForCollection": true,
          "IsForDelivery": true,
          "IsForExpress": true,
          "ProductRestrictionMessage": null,
          "ProductWarningMessage": null,
          "CentreTag": {
            "TagContent": "<a title=\"Save $10 when you spend $40 on selected products^\" href=\"/shop/productgroup/210126-back-to-routine-spend-and-save\"><span>Save $10 when you spend $40 on selected products^</span><i aria-hidden=\"true\" class=\"iconAct-Chevron_Right\"></i></a>",
            "TagLink": null,
            "FallbackText": null,
            "TagType": "Html",
            "MultibuyData": null,
            "MemberPriceData": null,
            "FFPVMemberPriceData": null,
            "TagContentText": "Save $10 when you spend $40 on selected products^",
            "DualImageTagContent": null,
            "PromotionType": "NOT_SET",
            "IsRegisteredRewardCardPromotion": false
          },
          "IsCentreTag": true,
          "ImageTag": {
            "TagContent": "/content/promotiontags/australian-grown-roundel-200x200.png",
            "TagLink": null,
            "FallbackText": "Australian Grown",
            "TagType": "Image",
            "MultibuyData": null,
            "MemberPriceData": null,
            "FFPVMemberPriceData": null,
            "TagContentText": null,
            "DualImageTagContent": null,
            "PromotionType": "NOT_SET",
            "IsRegisteredRewardCardPromotion": false
          },
          "HeaderTag": null,
          "HasHeaderTag": false,
          "UnitWeightInGrams": 0,
          "SupplyLimitMessage": "'Woolworths Snackable Snacking Carrot' has a supply limit of 36. The quantity in your cart has been reduced accordingly. To purchase a larger quantity, please contact us on 1800 000 610. Please note we do not supply trade orders.",
          "SmallFormatDescription": "Woolworths Snackable Snacking Carrot ",
          "FullDescription": "Woolworths Snackable Snacking Carrot ",
          "IsAvailable": true,
          "InstoreIsAvailable": true,
          "IsPurchasable": true,
          "InstoreIsPurchasable": true,
          "AgeRestricted": false,
          "DisplayQuantity": 1,
          "RichDescription": null,
          "HideWasSavedPrice": false,
          "SapCategories": null,
          "Brand": "Woolworths",
          "IsRestrictedByDeliveryMethod": false,
          "FooterTag": {
            "TagContent": null,
            "TagLink": null,
            "FallbackText": null,
            "TagType": "None",
            "MultibuyData": null,
            "MemberPriceData": null,
            "FFPVMemberPriceData": null,
            "TagContentText": null,
            "DualImageTagContent": null,
            "PromotionType": "NOT_SET",
            "IsRegisteredRewardCardPromotion": false
          },
          "IsFooterEnabled": false,
          "Diagnostics": "4",
          "IsBundle": false,
          "IsInFamily": false,
          "ChildProducts": null,
          "UrlOverride": null,
          "AdditionalAttributes": {
            "boxedcontents": null,
            "addedvitaminsandminerals": "False",
            "sapdepartmentname": "FRUIT AND VEG",
            "spf": null,
            "haircolour": null,
            "lifestyleanddietarystatement": null,
            "sapcategoryname": "VEG / FRESHCUTS / HARD PRODUCE",
            "skintype": null,
            "importantinformation": null,
            "allergystatement": null,
            "productdepthmm": null,
            "skincondition": null,
            "ophthalmologistapproved": null,
            "healthstarrating": "5",
            "hairtype": null,
            "fragrance-free": null,
            "sapsegmentname": "CARROTS P/P",
            "suitablefor": null,
            "PiesProductDepartmentsjson": "[{\"Id\":\"1_9E92C35\",\"Description\":\"Lunch Box\"},{\"Id\":\"1-E5BEE36E\",\"Description\":\"Fruit & Veg\"}]",
            "piessubcategorynamesjson": "[\"Kids Snacks & Lunch\",\"Snacking\",\"Snacking Vegetables\",\"Carrots, Onions & Root Veg\",\"Prepacked Vegetables\",\"Beetroot & Carrot\"]",
            "sapsegmentno": "2",
            "productwidthmm": null,
            "contains": null,
            "sapsubcategoryname": "CARROT",
            "dermatologisttested": null,
            "wool_productpackaging": null,
            "dermatologicallyapproved": null,
            "specialsgroupid": null,
            "productimages": "85794.jpg",
            "productheightmm": null,
            "r&r_hidereviews": null,
            "microwavesafe": "False",
            "paba-free": null,
            "lifestyleclaim": null,
            "alcoholfree": null,
            "tgawarning": null,
            "activeconstituents": null,
            "microwaveable": "False",
            "soap-free": null,
            "countryoforigin": null,
            "isexcludedfromsubstitution": "False",
            "productimagecount": "1",
            "r&r_loggedinreviews": null,
            "anti-dandruff": null,
            "servingsize-total-nip": null,
            "tgahealthwarninglink": null,
            "allergenmaybepresent": null,
            "PiesProductDepartmentNodeId": "1_9E92C35",
            "parabenfree": "False",
            "vendorarticleid": null,
            "containsgluten": "False",
            "containsnuts": "False",
            "ingredients": null,
            "colour": null,
            "manufacturer": null,
            "sapcategoryno": "63",
            "storageinstructions": null,
            "tgawarnings": null,
            "piesdepartmentnamesjson": "[\"Lunch Box\",\"Fruit & Veg\"]",
            "brand": "woolworths",
            "oilfree": null,
            "fragrance": null,
            "antibacterial": "False",
            "non-comedogenic": null,
            "antiseptic": "False",
            "bpafree": "False",
            "vendorcostprice": null,
            "description": "Veg a day: 1/2 cup = 1 serve of vegetables (1)\n(1) Australian Dietary Guidelines recommend 5 serves of vegetables per day.",
            "sweatresistant": null,
            "sapsubcategoryno": "787",
            "antioxidant": "False",
            "claims": null,
            "phbalanced": null,
            "wool_dietaryclaim": null,
            "ophthalmologisttested": null,
            "sulfatefree": "False",
            "piescategorynamesjson": "[\"Healthier Lunch Box\",\"Fruit & Veg\",\"Vegetables\",\"Snacking\",\"Salad\"]",
            "servingsperpack-total-nip": null,
            "nutritionalinformation": null,
            "ovencook": "False",
            "vegetarian": "False",
            "hypo-allergenic": null,
            "timer": null,
            "dermatologistrecommended": null,
            "sapdepartmentno": "30",
            "allergencontains": null,
            "waterresistant": null,
            "friendlydisclaimer": null,
            "recyclableinformation": null,
            "usageinstructions": null,
            "freezable": "False"
          },
          "DetailsImagePaths": [
            "https://cdn0.woolworths.media/content/wowproductimages/large/085794.jpg"
          ],
          "Variety": null,
          "Rating": {
            "ReviewCount": 0,
            "RatingCount": 0,
            "RatingSum": 0,
            "OneStarCount": 0,
            "TwoStarCount": 0,
            "ThreeStarCount": 0,
            "FourStarCount": 0,
            "FiveStarCount": 0,
            "Average": 0,
            "OneStarPercentage": 0,
            "TwoStarPercentage": 0,
            "ThreeStarPercentage": 0,
            "FourStarPercentage": 0,
            "FiveStarPercentage": 0
          },
          "HasProductSubs": false,
          "IsSponsoredAd": false,
          "AdID": null,
          "AdIndex": null,
          "AdStatus": null,
          "IsMarketProduct": false,
          "IsGiftable": false,
          "Vendor": null,
          "Untraceable": false,
          "ThirdPartyProductInfo": null,
          "MarketFeatures": null,
          "MarketSpecifications": null,
          "SupplyLimitSource": "ProductLimit",
          "Tags": [
            {
              "Content": {
                "Type": "Roundel",
                "Position": "Top",
                "Attributes": {
                  "ImagePath": "/content/promotiontags/australian-grown-roundel-200x200.png",
                  "FallbackText": "Australian Grown"
                },
                "FFPVAttributes": null
              },
              "TemplateId": null,
              "Metadata": null
            },
            {
              "Content": {
                "Type": "PromotionInformation",
                "Position": "Top",
                "Attributes": {
                  "TagLink": null,
                  "Text": "Save $10 when you spend $40 on selected products^",
                  "Html": "<a title=\"Save $10 when you spend $40 on selected products^\" href=\"/shop/productgroup/210126-back-to-routine-spend-and-save\"><span>Save $10 when you spend $40 on selected products^</span><i aria-hidden=\"true\" class=\"iconAct-Chevron_Right\"></i></a>",
                  "IsRegisteredRewardCardPromotion": "False"
                },
                "FFPVAttributes": null
              },
              "TemplateId": null,
              "Metadata": null
            }
          ],
          "IsPersonalisedByPurchaseHistory": false,
          "IsFromFacetedSearch": false,
          "NextAvailabilityDate": "2026-01-26T00:00:00.0000000Z",
          "NumberOfSubstitutes": 0,
          "IsPrimaryVariant": false,
          "VariantGroupId": 0,
          "HasVariants": false,
          "VariantTitle": null,
          "IsTobacco": false,
          "IsFreeShipping": null,
          "FulfilmentStoreId": 1101,
          "B2BExtendedRange": null,
          "OfferId": null,
          "BundleProductGroups": null
        }
      ],
      "Name": "Woolworths Snackable Snacking Carrot",
      "DisplayName": "Woolworths Snackable Snacking Carrot 250g"
    },
    {
      "Products": [
        {
          "TileID": 6,
          "Stockcode": 117381,
          "Barcode": "9300633007218",
          "GtinFormat": 13,
          "CupPrice": 5.33,
          "InstoreCupPrice": 5.33,
          "CupMeasure": "1KG",
          "CupString": "$5.33 / 1KG",
          "InstoreCupString": "$5.33 / 1KG",
          "HasCupPrice": true,
          "InstoreHasCupPrice": true,
          "Price": 4,
          "IncrementalPrice": null,
          "IncrementalWasPrice": null,
          "IncrementalMinimumQuantity": null,
          "IncrementalMinimumQuantityUnit": "g",
          "PricePerKGLabel": "Price per Kg charged",
          "MinWeightPrice": null,
          "MaxWeightPrice": null,
          "InstorePrice": 4,
          "Name": "Macro Organic Carrots",
          "DisplayName": "Macro Organic Carrots 750g",
          "UrlFriendlyName": "macro-organic-carrots",
          "Description": " Macro Organic Carrots  750g",
          "SmallImageFile": "https://cdn0.woolworths.media/content/wowproductimages/small/117381.jpg",
          "MediumImageFile": "https://cdn0.woolworths.media/content/wowproductimages/medium/117381.jpg",
          "LargeImageFile": "https://cdn0.woolworths.media/content/wowproductimages/large/117381.jpg",
          "IsNew": false,
          "IsHalfPrice": false,
          "IsOnlineOnly": false,
          "IsOnSpecial": false,
          "InstoreIsOnSpecial": false,
          "IsEdrSpecial": false,
          "SavingsAmount": 0,
          "InstoreSavingsAmount": 0,
          "WasPrice": 4,
          "InstoreWasPrice": 4,
          "QuantityInTrolley": 0,
          "Unit": "Each",
          "MinimumQuantity": 1,
          "HasBeenBoughtBefore": false,
          "IsInTrolley": false,
          "Source": "SearchServiceSearchProducts",
          "SupplyLimit": 21,
          "ProductLimit": 36,
          "MaxSupplyLimitMessage": "21 item(s) left",
          "IsRanged": true,
          "IsInStock": true,
          "PackageSize": "750g",
          "IsPmDelivery": false,
          "IsForCollection": true,
          "IsForDelivery": true,
          "IsForExpress": true,
          "ProductRestrictionMessage": null,
          "ProductWarningMessage": null,
          "CentreTag": {
            "TagContent": null,
            "TagLink": null,
            "FallbackText": null,
            "TagType": "None",
            "MultibuyData": null,
            "MemberPriceData": null,
            "FFPVMemberPriceData": null,
            "TagContentText": null,
            "DualImageTagContent": null,
            "PromotionType": "NOT_SET",
            "IsRegisteredRewardCardPromotion": false
          },
          "IsCentreTag": false,
          "ImageTag": {
            "TagContent": "/content/promotiontags/australian-grown-roundel-200x200.png",
            "TagLink": null,
            "FallbackText": "Australian Grown",
            "TagType": "Image",
            "MultibuyData": null,
            "MemberPriceData": null,
            "FFPVMemberPriceData": null,
            "TagContentText": null,
            "DualImageTagContent": null,
            "PromotionType": "NOT_SET",
            "IsRegisteredRewardCardPromotion": false
          },
          "HeaderTag": null,
          "HasHeaderTag": false,
          "UnitWeightInGrams": 0,
          "SupplyLimitMessage": "'Macro Organic Carrots' has a supply limit of 21. The quantity in your cart has been reduced accordingly. To purchase a larger quantity, please contact us on 1800 000 610. Please note we do not supply trade orders.",
          "SmallFormatDescription": "Macro Organic Carrots ",
          "FullDescription": "Macro Organic Carrots ",
          "IsAvailable": true,
          "InstoreIsAvailable": true,
          "IsPurchasable": true,
          "InstoreIsPurchasable": true,
          "AgeRestricted": false,
          "DisplayQuantity": 1,
          "RichDescription": null,
          "HideWasSavedPrice": false,
          "SapCategories": null,
          "Brand": "Macro",
          "IsRestrictedByDeliveryMethod": false,
          "FooterTag": {
            "TagContent": null,
            "TagLink": null,
            "FallbackText": null,
            "TagType": "None",
            "MultibuyData": null,
            "MemberPriceData": null,
            "FFPVMemberPriceData": null,
            "TagContentText": null,
            "DualImageTagContent": null,
            "PromotionType": "NOT_SET",
            "IsRegisteredRewardCardPromotion": false
          },
          "IsFooterEnabled": false,
          "Diagnostics": "5",
          "IsBundle": false,
          "IsInFamily": false,
          "ChildProducts": null,
          "UrlOverride": null,
          "AdditionalAttributes": {
            "boxedcontents": null,
            "addedvitaminsandminerals": "False",
            "sapdepartmentname": "FRUIT AND VEG",
            "spf": null,
            "haircolour": null,
            "lifestyleanddietarystatement": "Organic",
            "sapcategoryname": "VEG / FRESHCUTS / HARD PRODUCE",
            "skintype": null,
            "importantinformation": null,
            "allergystatement": null,
            "productdepthmm": null,
            "skincondition": null,
            "ophthalmologistapproved": null,
            "healthstarrating": "5",
            "hairtype": null,
            "fragrance-free": null,
            "sapsegmentname": "ORGANIC VEGETABLES",
            "suitablefor": null,
            "PiesProductDepartmentsjson": "[{\"Id\":\"1-E5BEE36E\",\"Description\":\"Fruit & Veg\"}]",
            "piessubcategorynamesjson": "[\"Prepacked Vegetables\",\"Carrots, Onions & Root Veg\",\"Organic Salad\",\"Organic Vegetables\",\"Organic Salad\",\"Organic Vegetables\"]",
            "sapsegmentno": "1",
            "productwidthmm": null,
            "contains": null,
            "sapsubcategoryname": "ORGANICS",
            "dermatologisttested": null,
            "wool_productpackaging": null,
            "dermatologicallyapproved": null,
            "specialsgroupid": null,
            "productimages": "117381.jpg,117381_2.jpg",
            "productheightmm": null,
            "r&r_hidereviews": null,
            "microwavesafe": "False",
            "paba-free": null,
            "lifestyleclaim": "ORGANIC",
            "alcoholfree": null,
            "tgawarning": null,
            "activeconstituents": null,
            "microwaveable": "False",
            "soap-free": null,
            "countryoforigin": null,
            "isexcludedfromsubstitution": "False",
            "productimagecount": "2",
            "r&r_loggedinreviews": null,
            "anti-dandruff": null,
            "servingsize-total-nip": null,
            "tgahealthwarninglink": null,
            "allergenmaybepresent": null,
            "PiesProductDepartmentNodeId": "1-E5BEE36E",
            "parabenfree": "False",
            "vendorarticleid": null,
            "containsgluten": "False",
            "containsnuts": "False",
            "ingredients": null,
            "colour": null,
            "manufacturer": null,
            "sapcategoryno": "63",
            "storageinstructions": "Coolroom Storage & Chilled Display",
            "tgawarnings": null,
            "piesdepartmentnamesjson": "[\"Fruit & Veg\"]",
            "brand": "macro",
            "oilfree": null,
            "fragrance": null,
            "antibacterial": "False",
            "non-comedogenic": null,
            "antiseptic": "False",
            "bpafree": "False",
            "vendorcostprice": null,
            "description": null,
            "sweatresistant": null,
            "sapsubcategoryno": "557",
            "antioxidant": "False",
            "claims": null,
            "phbalanced": null,
            "wool_dietaryclaim": null,
            "ophthalmologisttested": null,
            "sulfatefree": "False",
            "piescategorynamesjson": "[\"Vegetables\",\"Salad\",\"Organic\"]",
            "servingsperpack-total-nip": null,
            "nutritionalinformation": "{\"Name\":\"Nutritional Information\",\"Attributes\":[{\"Id\":908,\"Name\":\"Sugars Quantity Per 100g - SuffixUnits - NIP\",\"Value\":\"g\",\"Description\":\"Sugars Quantity Per 100g - SuffixUnits - NIP\",\"SortOrder\":646}]}",
            "ovencook": "False",
            "vegetarian": "False",
            "hypo-allergenic": null,
            "timer": null,
            "dermatologistrecommended": null,
            "sapdepartmentno": "30",
            "allergencontains": null,
            "waterresistant": null,
            "friendlydisclaimer": null,
            "recyclableinformation": null,
            "usageinstructions": null,
            "freezable": "False"
          },
          "DetailsImagePaths": [
            "https://cdn0.woolworths.media/content/wowproductimages/large/117381.jpg"
          ],
          "Variety": null,
          "Rating": {
            "ReviewCount": 0,
            "RatingCount": 0,
            "RatingSum": 0,
            "OneStarCount": 0,
            "TwoStarCount": 0,
            "ThreeStarCount": 0,
            "FourStarCount": 0,
            "FiveStarCount": 0,
            "Average": 0,
            "OneStarPercentage": 0,
            "TwoStarPercentage": 0,
            "ThreeStarPercentage": 0,
            "FourStarPercentage": 0,
            "FiveStarPercentage": 0
          },
          "HasProductSubs": false,
          "IsSponsoredAd": false,
          "AdID": null,
          "AdIndex": null,
          "AdStatus": null,
          "IsMarketProduct": false,
          "IsGiftable": false,
          "Vendor": null,
          "Untraceable": false,
          "ThirdPartyProductInfo": null,
          "MarketFeatures": null,
          "MarketSpecifications": null,
          "SupplyLimitSource": "StockQuantity",
          "Tags": [
            {
              "Content": {
                "Type": "Roundel",
                "Position": "Top",
                "Attributes": {
                  "ImagePath": "/content/promotiontags/australian-grown-roundel-200x200.png",
                  "FallbackText": "Australian Grown"
                },
                "FFPVAttributes": null
              },
              "TemplateId": null,
              "Metadata": null
            }
          ],
          "IsPersonalisedByPurchaseHistory": false,
          "IsFromFacetedSearch": false,
          "NextAvailabilityDate": "2026-01-26T00:00:00.0000000Z",
          "NumberOfSubstitutes": 0,
          "IsPrimaryVariant": false,
          "VariantGroupId": 0,
          "HasVariants": false,
          "VariantTitle": null,
          "IsTobacco": false,
          "IsFreeShipping": null,
          "FulfilmentStoreId": 1101,
          "B2BExtendedRange": null,
          "OfferId": null,
          "BundleProductGroups": null
        }
      ],
      "Name": "Macro Organic Carrots",
      "DisplayName": "Macro Organic Carrots 750g"
    },
    {
      "Products": [
        {
          "TileID": 7,
          "Stockcode": 921080,
          "Barcode": "9321406001653",
          "GtinFormat": 13,
          "CupPrice": 9.67,
          "InstoreCupPrice": 11,
          "CupMeasure": "1KG",
          "CupString": "$9.67 / 1KG",
          "InstoreCupString": "$11.00 / 1KG",
          "HasCupPrice": true,
          "InstoreHasCupPrice": true,
          "Price": 2.9,
          "IncrementalPrice": null,
          "IncrementalWasPrice": null,
          "IncrementalMinimumQuantity": null,
          "IncrementalMinimumQuantityUnit": "g",
          "PricePerKGLabel": "Price per Kg charged",
          "MinWeightPrice": null,
          "MaxWeightPrice": null,
          "InstorePrice": 2.9,
          "Name": "Just Veg. Carrot Sticks",
          "DisplayName": "Just Veg. Carrot Sticks 300g",
          "UrlFriendlyName": "just-veg-carrot-sticks",
          "Description": " Just Veg. Carrot Sticks  300g",
          "SmallImageFile": "https://cdn0.woolworths.media/content/wowproductimages/small/921080.jpg",
          "MediumImageFile": "https://cdn0.woolworths.media/content/wowproductimages/medium/921080.jpg",
          "LargeImageFile": "https://cdn0.woolworths.media/content/wowproductimages/large/921080.jpg",
          "IsNew": false,
          "IsHalfPrice": false,
          "IsOnlineOnly": true,
          "IsOnSpecial": true,
          "InstoreIsOnSpecial": true,
          "IsEdrSpecial": false,
          "SavingsAmount": 0.4,
          "InstoreSavingsAmount": 0.4,
          "WasPrice": 3.3,
          "InstoreWasPrice": 3.3,
          "QuantityInTrolley": 0,
          "Unit": "Each",
          "MinimumQuantity": 1,
          "HasBeenBoughtBefore": false,
          "IsInTrolley": false,
          "Source": "SearchServiceSearchProducts",
          "SupplyLimit": 12,
          "ProductLimit": 36,
          "MaxSupplyLimitMessage": "12 item(s) left",
          "IsRanged": true,
          "IsInStock": true,
          "PackageSize": "300g",
          "IsPmDelivery": false,
          "IsForCollection": true,
          "IsForDelivery": true,
          "IsForExpress": true,
          "ProductRestrictionMessage": null,
          "ProductWarningMessage": null,
          "CentreTag": {
            "TagContent": null,
            "TagLink": null,
            "FallbackText": null,
            "TagType": "None",
            "MultibuyData": null,
            "MemberPriceData": null,
            "FFPVMemberPriceData": null,
            "TagContentText": null,
            "DualImageTagContent": null,
            "PromotionType": "NOT_SET",
            "IsRegisteredRewardCardPromotion": false
          },
          "IsCentreTag": false,
          "ImageTag": {
            "TagContent": "/content/promotiontags/online-only-special-green-roundel.png",
            "TagLink": "",
            "FallbackText": "Online Only Special",
            "TagType": "Image",
            "MultibuyData": null,
            "MemberPriceData": null,
            "FFPVMemberPriceData": null,
            "TagContentText": null,
            "DualImageTagContent": null,
            "PromotionType": "NOT_SET",
            "IsRegisteredRewardCardPromotion": false
          },
          "HeaderTag": {
            "BackgroundColor": "#fd0",
            "BorderColor": "#fd0",
            "TextColor": "#000",
            "Content": "Save $0.40",
            "PromotionName": null,
            "TagLink": null,
            "Promotion": "Special",
            "IncrementalSavingsAmount": null
          },
          "HasHeaderTag": true,
          "UnitWeightInGrams": 0,
          "SupplyLimitMessage": "'Just Veg. Carrot Sticks' has a supply limit of 12. The quantity in your cart has been reduced accordingly. To purchase a larger quantity, please contact us on 1800 000 610. Please note we do not supply trade orders.",
          "SmallFormatDescription": "Just Veg. Carrot Sticks ",
          "FullDescription": "Just Veg. Carrot Sticks ",
          "IsAvailable": true,
          "InstoreIsAvailable": true,
          "IsPurchasable": true,
          "InstoreIsPurchasable": true,
          "AgeRestricted": false,
          "DisplayQuantity": 1,
          "RichDescription": null,
          "HideWasSavedPrice": false,
          "SapCategories": null,
          "Brand": "Just Veg.",
          "IsRestrictedByDeliveryMethod": false,
          "FooterTag": {
            "TagContent": null,
            "TagLink": null,
            "FallbackText": null,
            "TagType": "None",
            "MultibuyData": null,
            "MemberPriceData": null,
            "FFPVMemberPriceData": null,
            "TagContentText": null,
            "DualImageTagContent": null,
            "PromotionType": "NOT_SET",
            "IsRegisteredRewardCardPromotion": false
          },
          "IsFooterEnabled": false,
          "Diagnostics": "6",
          "IsBundle": false,
          "IsInFamily": false,
          "ChildProducts": null,
          "UrlOverride": null,
          "AdditionalAttributes": {
            "boxedcontents": null,
            "addedvitaminsandminerals": "False",
            "sapdepartmentname": "FRUIT AND VEG",
            "spf": null,
            "haircolour": null,
            "lifestyleanddietarystatement": "Gluten Free,Low Fat,Low Salt,Low Sugar,Source of Fibre,Vegan,Vegetarian",
            "sapcategoryname": "VEG / FRESHCUTS / HARD PRODUCE",
            "skintype": null,
            "importantinformation": null,
            "allergystatement": "Dairy Free,Egg Free,Fish Free,Gluten Free,Lactose Free,Soy Free,Wheat Free",
            "productdepthmm": null,
            "skincondition": null,
            "ophthalmologistapproved": null,
            "healthstarrating": "5",
            "hairtype": null,
            "fragrance-free": null,
            "sapsegmentname": "CUT VEG",
            "suitablefor": null,
            "PiesProductDepartmentsjson": "[{\"Id\":\"1_9E92C35\",\"Description\":\"Lunch Box\"},{\"Id\":\"1_6E4F4E4\",\"Description\":\"Dairy, Eggs & Fridge\"},{\"Id\":\"1-E5BEE36E\",\"Description\":\"Fruit & Veg\"},{\"Id\":\"1_8AD6702\",\"Description\":\"Dinner\"}]",
            "piessubcategorynamesjson": "[\"Carrots, Onions & Root Veg\",\"Kids Snacks & Lunch\",\"Washed & Cut Vegetables\",\"Prepacked Vegetables\",\"Cut Veg\"]",
            "sapsegmentno": "64",
            "productwidthmm": null,
            "contains": null,
            "sapsubcategoryname": "VALUE ADD VEG",
            "dermatologisttested": null,
            "wool_productpackaging": null,
            "dermatologicallyapproved": null,
            "specialsgroupid": null,
            "productimages": "921080.jpg,921080_2.jpg",
            "productheightmm": null,
            "r&r_hidereviews": null,
            "microwavesafe": "False",
            "paba-free": null,
            "lifestyleclaim": null,
            "alcoholfree": null,
            "tgawarning": null,
            "activeconstituents": null,
            "microwaveable": "False",
            "soap-free": null,
            "countryoforigin": null,
            "isexcludedfromsubstitution": "False",
            "productimagecount": "2",
            "r&r_loggedinreviews": null,
            "anti-dandruff": null,
            "servingsize-total-nip": null,
            "tgahealthwarninglink": null,
            "allergenmaybepresent": null,
            "PiesProductDepartmentNodeId": "1_9E92C35",
            "parabenfree": "False",
            "vendorarticleid": null,
            "containsgluten": "False",
            "containsnuts": "False",
            "ingredients": "Just Carrots",
            "colour": null,
            "manufacturer": null,
            "sapcategoryno": "63",
            "storageinstructions": "To maintain freshness, store in your fridge at 1-4°C.<br>Once open seal the bag and use within 1-2days.",
            "tgawarnings": null,
            "piesdepartmentnamesjson": "[\"Lunch Box\",\"Dairy, Eggs & Fridge\",\"Fruit & Veg\",\"Dinner\"]",
            "brand": "just veg.",
            "oilfree": null,
            "fragrance": null,
            "antibacterial": "False",
            "non-comedogenic": null,
            "antiseptic": "False",
            "bpafree": "False",
            "vendorcostprice": null,
            "description": "<p>Just Veg is Australian owned and grown. We're an Australian Farming business, owned by farmers who are passionate about producing fresh, healthy food that tastes great!</p><p>We're Aussie Farmers who harvest our crops at the peak of perfection to ensure maximum taste and freshness. </p><p>All you'll find in our bags are vegetables. Just Veg nothing else.</p><p>Just Veg the convenient, healthy alternative for snacks, salads, sandwiches, cakes, soups, stews and stir-fries.</p><p>At Just Veg we wash and prepare the vegetable to save you time. Your job is done - they're ready to eat www.justveg.com.au</p>",
            "sweatresistant": null,
            "sapsubcategoryno": "998",
            "antioxidant": "False",
            "claims": null,
            "phbalanced": null,
            "wool_dietaryclaim": null,
            "ophthalmologisttested": null,
            "sulfatefree": "False",
            "piescategorynamesjson": "[\"Sides & Starters\",\"Vegetables\",\"Prepared Vegetables\",\"Healthier Lunch Box\"]",
            "servingsperpack-total-nip": null,
            "nutritionalinformation": "{\"Name\":\"Nutritional Information\",\"Attributes\":[{\"Id\":47,\"Name\":\"Calcium Quantity Per Serve - Total - NIP\",\"Value\":\"18mg\",\"Description\":\"Calcium Quantity Per Serve - Total - NIP\",\"SortOrder\":75},{\"Id\":705,\"Name\":\"Carbohydrate Quantity Per 100g - Total - NIP\",\"Value\":\"5.0g\",\"Description\":\"Carbohydrate Quantity Per 100g - Total - NIP\",\"SortOrder\":83},{\"Id\":706,\"Name\":\"Carbohydrate Quantity Per Serve - Total - NIP\",\"Value\":\"3.0g\",\"Description\":\"Carbohydrate Quantity Per Serve - Total - NIP\",\"SortOrder\":87},{\"Id\":120,\"Name\":\"Dietary Fibre Quantity Per Serve - Total - NIP\",\"Value\":\"2.4g\",\"Description\":\"Dietary Fibre Quantity Per Serve - Total - NIP\",\"SortOrder\":179},{\"Id\":759,\"Name\":\"Energy kJ Quantity Per 100g - Total - NIP\",\"Value\":\"138kJ\",\"Description\":\"Energy kJ Quantity Per 100g - Total - NIP\",\"SortOrder\":239},{\"Id\":760,\"Name\":\"Energy kJ Quantity Per Serve - Total - NIP\",\"Value\":\"83kJ\",\"Description\":\"Energy kJ Quantity Per Serve - Total - NIP\",\"SortOrder\":243},{\"Id\":253,\"Name\":\"Fat Saturated Quantity Per 100g - Total - NIP\",\"Value\":\"0.0g\",\"Description\":\"Fat Saturated Quantity Per 100g - Total - NIP\",\"SortOrder\":251},{\"Id\":258,\"Name\":\"Fat Saturated Quantity Per Serve - Total - NIP\",\"Value\":\"0.0g\",\"Description\":\"Fat Saturated Quantity Per Serve - Total - NIP\",\"SortOrder\":255},{\"Id\":764,\"Name\":\"Fat Total Quantity Per 100g - Total - NIP\",\"Value\":\"0.1g\",\"Description\":\"Fat Total Quantity Per 100g - Total - NIP\",\"SortOrder\":263},{\"Id\":166,\"Name\":\"Fat Total Quantity Per 100g - ValueWord - NIP\",\"Value\":\"0.1\",\"Description\":\"Fat Total Quantity Per 100g - ValueWord - NIP\",\"SortOrder\":264},{\"Id\":264,\"Name\":\"Fat Total Quantity Per Serve - Total - NIP\",\"Value\":\"0.1g\",\"Description\":\"Fat Total Quantity Per Serve - Total - NIP\",\"SortOrder\":267},{\"Id\":493,\"Name\":\"Potassium Quantity Per Serve - Total - NIP\",\"Value\":\"162mg\",\"Description\":\"Potassium Quantity Per Serve - Total - NIP\",\"SortOrder\":579},{\"Id\":878,\"Name\":\"Protein Quantity Per 100g - Total - NIP\",\"Value\":\"0.8g\",\"Description\":\"Protein Quantity Per 100g - Total - NIP\",\"SortOrder\":587},{\"Id\":882,\"Name\":\"Protein Quantity Per Serve - Total - NIP\",\"Value\":\"0.5g\",\"Description\":\"Protein Quantity Per Serve - Total - NIP\",\"SortOrder\":591},{\"Id\":477,\"Name\":\"Serving Size - Total - NIP\",\"Value\":\"60g\",\"Description\":\"Serving Size - Total - NIP\",\"SortOrder\":607},{\"Id\":544,\"Name\":\"Servings Per Pack - Total - NIP\",\"Value\":\"5\",\"Description\":\"Servings Per Pack - Total - NIP\",\"SortOrder\":611},{\"Id\":491,\"Name\":\"Sodium Quantity Per 100g - Total - NIP\",\"Value\":\"40mg\",\"Description\":\"Sodium Quantity Per 100g - Total - NIP\",\"SortOrder\":623},{\"Id\":495,\"Name\":\"Sodium Quantity Per Serve - Total - NIP\",\"Value\":\"24mg\",\"Description\":\"Sodium Quantity Per Serve - Total - NIP\",\"SortOrder\":627},{\"Id\":907,\"Name\":\"Sugars Quantity Per 100g - Prefix - NIP\",\"Value\":null,\"Description\":\"Sugars Quantity Per 100g - Prefix - NIP\",\"SortOrder\":645},{\"Id\":908,\"Name\":\"Sugars Quantity Per 100g - SuffixUnits - NIP\",\"Value\":\"g\",\"Description\":\"Sugars Quantity Per 100g - SuffixUnits - NIP\",\"SortOrder\":646},{\"Id\":909,\"Name\":\"Sugars Quantity Per 100g - Total - NIP\",\"Value\":\"5.0g\",\"Description\":\"Sugars Quantity Per 100g - Total - NIP\",\"SortOrder\":647},{\"Id\":910,\"Name\":\"Sugars Quantity Per 100g - ValueWord - NIP\",\"Value\":\"5.0\",\"Description\":\"Sugars Quantity Per 100g - ValueWord - NIP\",\"SortOrder\":648},{\"Id\":504,\"Name\":\"Sugars Quantity Per Serve - Prefix - NIP\",\"Value\":null,\"Description\":\"Sugars Quantity Per Serve - Prefix - NIP\",\"SortOrder\":649},{\"Id\":911,\"Name\":\"Sugars Quantity Per Serve - SuffixUnits - NIP\",\"Value\":\"g\",\"Description\":\"Sugars Quantity Per Serve - SuffixUnits - NIP\",\"SortOrder\":650},{\"Id\":912,\"Name\":\"Sugars Quantity Per Serve - Total - NIP\",\"Value\":\"3.0g\",\"Description\":\"Sugars Quantity Per Serve - Total - NIP\",\"SortOrder\":651},{\"Id\":572,\"Name\":\"Sugars Quantity Per Serve - ValueWord - NIP\",\"Value\":\"3.0\",\"Description\":\"Sugars Quantity Per Serve - ValueWord - NIP\",\"SortOrder\":652}]}",
            "ovencook": "False",
            "vegetarian": "False",
            "hypo-allergenic": null,
            "timer": null,
            "dermatologistrecommended": null,
            "sapdepartmentno": "30",
            "allergencontains": null,
            "waterresistant": null,
            "friendlydisclaimer": null,
            "recyclableinformation": null,
            "usageinstructions": null,
            "freezable": "False"
          },
          "DetailsImagePaths": [
            "https://cdn0.woolworths.media/content/wowproductimages/large/921080.jpg"
          ],
          "Variety": null,
          "Rating": {
            "ReviewCount": 0,
            "RatingCount": 0,
            "RatingSum": 0,
            "OneStarCount": 0,
            "TwoStarCount": 0,
            "ThreeStarCount": 0,
            "FourStarCount": 0,
            "FiveStarCount": 0,
            "Average": 0,
            "OneStarPercentage": 0,
            "TwoStarPercentage": 0,
            "ThreeStarPercentage": 0,
            "FourStarPercentage": 0,
            "FiveStarPercentage": 0
          },
          "HasProductSubs": false,
          "IsSponsoredAd": false,
          "AdID": null,
          "AdIndex": null,
          "AdStatus": null,
          "IsMarketProduct": false,
          "IsGiftable": false,
          "Vendor": null,
          "Untraceable": false,
          "ThirdPartyProductInfo": null,
          "MarketFeatures": null,
          "MarketSpecifications": null,
          "SupplyLimitSource": "StockQuantity",
          "Tags": [
            {
              "Content": {
                "Type": "Label",
                "Position": "Top",
                "Attributes": {
                  "Text": "Save $0.40",
                  "Promotion": "Special",
                  "BackgroundColor": "#fd0",
                  "BorderColor": "#fd0",
                  "TextColor": "#000"
                },
                "FFPVAttributes": null
              },
              "TemplateId": null,
              "Metadata": null
            },
            {
              "Content": {
                "Type": "Roundel",
                "Position": "Top",
                "Attributes": {
                  "ImagePath": "/content/promotiontags/online-only-special-green-roundel.png",
                  "FallbackText": "Online Only Special"
                },
                "FFPVAttributes": null
              },
              "TemplateId": null,
              "Metadata": null
            }
          ],
          "IsPersonalisedByPurchaseHistory": false,
          "IsFromFacetedSearch": false,
          "NextAvailabilityDate": "2026-01-26T00:00:00.0000000Z",
          "NumberOfSubstitutes": 0,
          "IsPrimaryVariant": false,
          "VariantGroupId": 0,
          "HasVariants": false,
          "VariantTitle": null,
          "IsTobacco": false,
          "IsFreeShipping": null,
          "FulfilmentStoreId": 1101,
          "B2BExtendedRange": null,
          "OfferId": "22955739",
          "BundleProductGroups": null
        }
      ],
      "Name": "Just Veg. Carrot Sticks",
      "DisplayName": "Just Veg. Carrot Sticks 300g"
    },
    {
      "Products": [
        {
          "TileID": 8,
          "Stockcode": 921142,
          "Barcode": "9321406001660",
          "GtinFormat": 13,
          "CupPrice": 9.67,
          "InstoreCupPrice": 11,
          "CupMeasure": "1KG",
          "CupString": "$9.67 / 1KG",
          "InstoreCupString": "$11.00 / 1KG",
          "HasCupPrice": true,
          "InstoreHasCupPrice": true,
          "Price": 2.9,
          "IncrementalPrice": null,
          "IncrementalWasPrice": null,
          "IncrementalMinimumQuantity": null,
          "IncrementalMinimumQuantityUnit": "g",
          "PricePerKGLabel": "Price per Kg charged",
          "MinWeightPrice": null,
          "MaxWeightPrice": null,
          "InstorePrice": 2.9,
          "Name": "Just Veg. Carrot Shred",
          "DisplayName": "Just Veg. Carrot Shred 300g",
          "UrlFriendlyName": "just-veg-carrot-shred",
          "Description": " Just Veg. Carrot Shred  300g",
          "SmallImageFile": "https://cdn0.woolworths.media/content/wowproductimages/small/921142.jpg",
          "MediumImageFile": "https://cdn0.woolworths.media/content/wowproductimages/medium/921142.jpg",
          "LargeImageFile": "https://cdn0.woolworths.media/content/wowproductimages/large/921142.jpg",
          "IsNew": false,
          "IsHalfPrice": false,
          "IsOnlineOnly": true,
          "IsOnSpecial": true,
          "InstoreIsOnSpecial": true,
          "IsEdrSpecial": false,
          "SavingsAmount": 0.4,
          "InstoreSavingsAmount": 0.4,
          "WasPrice": 3.3,
          "InstoreWasPrice": 3.3,
          "QuantityInTrolley": 0,
          "Unit": "Each",
          "MinimumQuantity": 1,
          "HasBeenBoughtBefore": false,
          "IsInTrolley": false,
          "Source": "SearchServiceSearchProducts",
          "SupplyLimit": 21,
          "ProductLimit": 36,
          "MaxSupplyLimitMessage": "21 item(s) left",
          "IsRanged": true,
          "IsInStock": true,
          "PackageSize": "300g",
          "IsPmDelivery": false,
          "IsForCollection": true,
          "IsForDelivery": true,
          "IsForExpress": true,
          "ProductRestrictionMessage": null,
          "ProductWarningMessage": null,
          "CentreTag": {
            "TagContent": null,
            "TagLink": null,
            "FallbackText": null,
            "TagType": "None",
            "MultibuyData": null,
            "MemberPriceData": null,
            "FFPVMemberPriceData": null,
            "TagContentText": null,
            "DualImageTagContent": null,
            "PromotionType": "NOT_SET",
            "IsRegisteredRewardCardPromotion": false
          },
          "IsCentreTag": false,
          "ImageTag": {
            "TagContent": "/content/promotiontags/online-only-special-green-roundel.png",
            "TagLink": "",
            "FallbackText": "Online Only Special",
            "TagType": "Image",
            "MultibuyData": null,
            "MemberPriceData": null,
            "FFPVMemberPriceData": null,
            "TagContentText": null,
            "DualImageTagContent": null,
            "PromotionType": "NOT_SET",
            "IsRegisteredRewardCardPromotion": false
          },
          "HeaderTag": {
            "BackgroundColor": "#fd0",
            "BorderColor": "#fd0",
            "TextColor": "#000",
            "Content": "Save $0.40",
            "PromotionName": null,
            "TagLink": null,
            "Promotion": "Special",
            "IncrementalSavingsAmount": null
          },
          "HasHeaderTag": true,
          "UnitWeightInGrams": 0,
          "SupplyLimitMessage": "'Just Veg. Carrot Shred' has a supply limit of 21. The quantity in your cart has been reduced accordingly. To purchase a larger quantity, please contact us on 1800 000 610. Please note we do not supply trade orders.",
          "SmallFormatDescription": "Just Veg. Carrot Shred ",
          "FullDescription": "Just Veg. Carrot Shred ",
          "IsAvailable": true,
          "InstoreIsAvailable": true,
          "IsPurchasable": true,
          "InstoreIsPurchasable": true,
          "AgeRestricted": false,
          "DisplayQuantity": 1,
          "RichDescription": null,
          "HideWasSavedPrice": false,
          "SapCategories": null,
          "Brand": "Just Veg.",
          "IsRestrictedByDeliveryMethod": false,
          "FooterTag": {
            "TagContent": null,
            "TagLink": null,
            "FallbackText": null,
            "TagType": "None",
            "MultibuyData": null,
            "MemberPriceData": null,
            "FFPVMemberPriceData": null,
            "TagContentText": null,
            "DualImageTagContent": null,
            "PromotionType": "NOT_SET",
            "IsRegisteredRewardCardPromotion": false
          },
          "IsFooterEnabled": false,
          "Diagnostics": "7",
          "IsBundle": false,
          "IsInFamily": false,
          "ChildProducts": null,
          "UrlOverride": null,
          "AdditionalAttributes": {
            "boxedcontents": null,
            "addedvitaminsandminerals": "False",
            "sapdepartmentname": "FRUIT AND VEG",
            "spf": null,
            "haircolour": null,
            "lifestyleanddietarystatement": "Gluten Free,Low Fat,Low Salt,Low Sugar,Source of Fibre,Vegan,Vegetarian",
            "sapcategoryname": "VEG / FRESHCUTS / HARD PRODUCE",
            "skintype": null,
            "importantinformation": null,
            "allergystatement": "Dairy Free,Egg Free,Fish Free,Gluten Free,Lactose Free,Soy Free,Wheat Free",
            "productdepthmm": null,
            "skincondition": null,
            "ophthalmologistapproved": null,
            "healthstarrating": "5",
            "hairtype": null,
            "fragrance-free": null,
            "sapsegmentname": "CUT VEG",
            "suitablefor": null,
            "PiesProductDepartmentsjson": "[{\"Id\":\"1_6E4F4E4\",\"Description\":\"Dairy, Eggs & Fridge\"},{\"Id\":\"1-E5BEE36E\",\"Description\":\"Fruit & Veg\"},{\"Id\":\"1_8AD6702\",\"Description\":\"Dinner\"}]",
            "piessubcategorynamesjson": "[\"Carrots, Onions & Root Veg\",\"Washed & Cut Vegetables\",\"Prepacked Vegetables\",\"Cut Veg\"]",
            "sapsegmentno": "64",
            "productwidthmm": null,
            "contains": null,
            "sapsubcategoryname": "VALUE ADD VEG",
            "dermatologisttested": null,
            "wool_productpackaging": null,
            "dermatologicallyapproved": null,
            "specialsgroupid": null,
            "productimages": "921142.jpg,921142_2.jpg",
            "productheightmm": null,
            "r&r_hidereviews": null,
            "microwavesafe": "False",
            "paba-free": null,
            "lifestyleclaim": null,
            "alcoholfree": null,
            "tgawarning": null,
            "activeconstituents": null,
            "microwaveable": "False",
            "soap-free": null,
            "countryoforigin": null,
            "isexcludedfromsubstitution": "False",
            "productimagecount": "2",
            "r&r_loggedinreviews": null,
            "anti-dandruff": null,
            "servingsize-total-nip": null,
            "tgahealthwarninglink": null,
            "allergenmaybepresent": null,
            "PiesProductDepartmentNodeId": "1_6E4F4E4",
            "parabenfree": "False",
            "vendorarticleid": null,
            "containsgluten": "False",
            "containsnuts": "False",
            "ingredients": "Just Carrot",
            "colour": null,
            "manufacturer": null,
            "sapcategoryno": "63",
            "storageinstructions": "To maintain freshness, store in your fridge crisper at 1-4C.<br>Once open seal the bag and use within 1-2 days.",
            "tgawarnings": null,
            "piesdepartmentnamesjson": "[\"Dairy, Eggs & Fridge\",\"Fruit & Veg\",\"Dinner\"]",
            "brand": "just veg.",
            "oilfree": null,
            "fragrance": null,
            "antibacterial": "False",
            "non-comedogenic": null,
            "antiseptic": "False",
            "bpafree": "False",
            "vendorcostprice": null,
            "description": "<p>Just Veg is an Australian owned and grown. We're an Australian farming business, owned by farmers who are passionate about producing fresh, healthy food that tastes great!</p><p>We're Aussie farmers who harvest our crop at the peak of perfection to ensure maximum taste and freshness.</p><p>All you'll find in our bags are vegetables. Just Veg. nothing else.</p><p>Just Veg is the convenient, healthy alternative for snacks, salads, sandwiches, cakes, soups, stews and stir-fries.</p><p>At Just Veg we wash and prepare the vegetables to save you time. Your job is done - They're ready to eat.</p><p>www.justveg.com.au</p>",
            "sweatresistant": null,
            "sapsubcategoryno": "998",
            "antioxidant": "False",
            "claims": null,
            "phbalanced": null,
            "wool_dietaryclaim": null,
            "ophthalmologisttested": null,
            "sulfatefree": "False",
            "piescategorynamesjson": "[\"Sides & Starters\",\"Vegetables\",\"Prepared Vegetables\"]",
            "servingsperpack-total-nip": null,
            "nutritionalinformation": "{\"Name\":\"Nutritional Information\",\"Attributes\":[{\"Id\":702,\"Name\":\"Calcium Quantity Per 100g - Total - NIP\",\"Value\":\"30mg\",\"Description\":\"Calcium Quantity Per 100g - Total - NIP\",\"SortOrder\":71},{\"Id\":47,\"Name\":\"Calcium Quantity Per Serve - Total - NIP\",\"Value\":\"18mg\",\"Description\":\"Calcium Quantity Per Serve - Total - NIP\",\"SortOrder\":75},{\"Id\":705,\"Name\":\"Carbohydrate Quantity Per 100g - Total - NIP\",\"Value\":\"5.0g\",\"Description\":\"Carbohydrate Quantity Per 100g - Total - NIP\",\"SortOrder\":83},{\"Id\":706,\"Name\":\"Carbohydrate Quantity Per Serve - Total - NIP\",\"Value\":\"3.0g\",\"Description\":\"Carbohydrate Quantity Per Serve - Total - NIP\",\"SortOrder\":87},{\"Id\":191,\"Name\":\"Dietary Fibre Quantity Per 100g - Total - NIP\",\"Value\":\"4g\",\"Description\":\"Dietary Fibre Quantity Per 100g - Total - NIP\",\"SortOrder\":175},{\"Id\":120,\"Name\":\"Dietary Fibre Quantity Per Serve - Total - NIP\",\"Value\":\"2.4g\",\"Description\":\"Dietary Fibre Quantity Per Serve - Total - NIP\",\"SortOrder\":179},{\"Id\":759,\"Name\":\"Energy kJ Quantity Per 100g - Total - NIP\",\"Value\":\"138kJ\",\"Description\":\"Energy kJ Quantity Per 100g - Total - NIP\",\"SortOrder\":239},{\"Id\":760,\"Name\":\"Energy kJ Quantity Per Serve - Total - NIP\",\"Value\":\"83kJ\",\"Description\":\"Energy kJ Quantity Per Serve - Total - NIP\",\"SortOrder\":243},{\"Id\":253,\"Name\":\"Fat Saturated Quantity Per 100g - Total - NIP\",\"Value\":\"0.0g\",\"Description\":\"Fat Saturated Quantity Per 100g - Total - NIP\",\"SortOrder\":251},{\"Id\":258,\"Name\":\"Fat Saturated Quantity Per Serve - Total - NIP\",\"Value\":\"0.0g\",\"Description\":\"Fat Saturated Quantity Per Serve - Total - NIP\",\"SortOrder\":255},{\"Id\":764,\"Name\":\"Fat Total Quantity Per 100g - Total - NIP\",\"Value\":\"0.1g\",\"Description\":\"Fat Total Quantity Per 100g - Total - NIP\",\"SortOrder\":263},{\"Id\":166,\"Name\":\"Fat Total Quantity Per 100g - ValueWord - NIP\",\"Value\":\"0.1\",\"Description\":\"Fat Total Quantity Per 100g - ValueWord - NIP\",\"SortOrder\":264},{\"Id\":264,\"Name\":\"Fat Total Quantity Per Serve - Total - NIP\",\"Value\":\"0.1g\",\"Description\":\"Fat Total Quantity Per Serve - Total - NIP\",\"SortOrder\":267},{\"Id\":443,\"Name\":\"Potassium Quantity Per 100g - Total - NIP\",\"Value\":\"270mg\",\"Description\":\"Potassium Quantity Per 100g - Total - NIP\",\"SortOrder\":575},{\"Id\":493,\"Name\":\"Potassium Quantity Per Serve - Total - NIP\",\"Value\":\"162mg\",\"Description\":\"Potassium Quantity Per Serve - Total - NIP\",\"SortOrder\":579},{\"Id\":878,\"Name\":\"Protein Quantity Per 100g - Total - NIP\",\"Value\":\"0.8g\",\"Description\":\"Protein Quantity Per 100g - Total - NIP\",\"SortOrder\":587},{\"Id\":882,\"Name\":\"Protein Quantity Per Serve - Total - NIP\",\"Value\":\"0.5g\",\"Description\":\"Protein Quantity Per Serve - Total - NIP\",\"SortOrder\":591},{\"Id\":477,\"Name\":\"Serving Size - Total - NIP\",\"Value\":\"60g\",\"Description\":\"Serving Size - Total - NIP\",\"SortOrder\":607},{\"Id\":544,\"Name\":\"Servings Per Pack - Total - NIP\",\"Value\":\"5\",\"Description\":\"Servings Per Pack - Total - NIP\",\"SortOrder\":611},{\"Id\":491,\"Name\":\"Sodium Quantity Per 100g - Total - NIP\",\"Value\":\"40mg\",\"Description\":\"Sodium Quantity Per 100g - Total - NIP\",\"SortOrder\":623},{\"Id\":495,\"Name\":\"Sodium Quantity Per Serve - Total - NIP\",\"Value\":\"24mg\",\"Description\":\"Sodium Quantity Per Serve - Total - NIP\",\"SortOrder\":627},{\"Id\":907,\"Name\":\"Sugars Quantity Per 100g - Prefix - NIP\",\"Value\":null,\"Description\":\"Sugars Quantity Per 100g - Prefix - NIP\",\"SortOrder\":645},{\"Id\":908,\"Name\":\"Sugars Quantity Per 100g - SuffixUnits - NIP\",\"Value\":\"g\",\"Description\":\"Sugars Quantity Per 100g - SuffixUnits - NIP\",\"SortOrder\":646},{\"Id\":909,\"Name\":\"Sugars Quantity Per 100g - Total - NIP\",\"Value\":\"5.0g\",\"Description\":\"Sugars Quantity Per 100g - Total - NIP\",\"SortOrder\":647},{\"Id\":910,\"Name\":\"Sugars Quantity Per 100g - ValueWord - NIP\",\"Value\":\"5.0\",\"Description\":\"Sugars Quantity Per 100g - ValueWord - NIP\",\"SortOrder\":648},{\"Id\":504,\"Name\":\"Sugars Quantity Per Serve - Prefix - NIP\",\"Value\":null,\"Description\":\"Sugars Quantity Per Serve - Prefix - NIP\",\"SortOrder\":649},{\"Id\":911,\"Name\":\"Sugars Quantity Per Serve - SuffixUnits - NIP\",\"Value\":\"g\",\"Description\":\"Sugars Quantity Per Serve - SuffixUnits - NIP\",\"SortOrder\":650},{\"Id\":912,\"Name\":\"Sugars Quantity Per Serve - Total - NIP\",\"Value\":\"3.0g\",\"Description\":\"Sugars Quantity Per Serve - Total - NIP\",\"SortOrder\":651},{\"Id\":572,\"Name\":\"Sugars Quantity Per Serve - ValueWord - NIP\",\"Value\":\"3.0\",\"Description\":\"Sugars Quantity Per Serve - ValueWord - NIP\",\"SortOrder\":652}]}",
            "ovencook": "False",
            "vegetarian": "False",
            "hypo-allergenic": null,
            "timer": null,
            "dermatologistrecommended": null,
            "sapdepartmentno": "30",
            "allergencontains": null,
            "waterresistant": null,
            "friendlydisclaimer": null,
            "recyclableinformation": null,
            "usageinstructions": null,
            "freezable": "False"
          },
          "DetailsImagePaths": [
            "https://cdn0.woolworths.media/content/wowproductimages/large/921142.jpg"
          ],
          "Variety": null,
          "Rating": {
            "ReviewCount": 0,
            "RatingCount": 0,
            "RatingSum": 0,
            "OneStarCount": 0,
            "TwoStarCount": 0,
            "ThreeStarCount": 0,
            "FourStarCount": 0,
            "FiveStarCount": 0,
            "Average": 0,
            "OneStarPercentage": 0,
            "TwoStarPercentage": 0,
            "ThreeStarPercentage": 0,
            "FourStarPercentage": 0,
            "FiveStarPercentage": 0
          },
          "HasProductSubs": false,
          "IsSponsoredAd": false,
          "AdID": null,
          "AdIndex": null,
          "AdStatus": null,
          "IsMarketProduct": false,
          "IsGiftable": false,
          "Vendor": null,
          "Untraceable": false,
          "ThirdPartyProductInfo": null,
          "MarketFeatures": null,
          "MarketSpecifications": null,
          "SupplyLimitSource": "StockQuantity",
          "Tags": [
            {
              "Content": {
                "Type": "Label",
                "Position": "Top",
                "Attributes": {
                  "Text": "Save $0.40",
                  "Promotion": "Special",
                  "BackgroundColor": "#fd0",
                  "BorderColor": "#fd0",
                  "TextColor": "#000"
                },
                "FFPVAttributes": null
              },
              "TemplateId": null,
              "Metadata": null
            },
            {
              "Content": {
                "Type": "Roundel",
                "Position": "Top",
                "Attributes": {
                  "ImagePath": "/content/promotiontags/online-only-special-green-roundel.png",
                  "FallbackText": "Online Only Special"
                },
                "FFPVAttributes": null
              },
              "TemplateId": null,
              "Metadata": null
            }
          ],
          "IsPersonalisedByPurchaseHistory": false,
          "IsFromFacetedSearch": false,
          "NextAvailabilityDate": "2026-01-26T00:00:00.0000000Z",
          "NumberOfSubstitutes": 0,
          "IsPrimaryVariant": false,
          "VariantGroupId": 0,
          "HasVariants": false,
          "VariantTitle": null,
          "IsTobacco": false,
          "IsFreeShipping": null,
          "FulfilmentStoreId": 1101,
          "B2BExtendedRange": null,
          "OfferId": "22956276",
          "BundleProductGroups": null
        }
      ],
      "Name": "Just Veg. Carrot Shred",
      "DisplayName": "Just Veg. Carrot Shred 300g"
    },
    {
      "Products": [
        {
          "TileID": 9,
          "Stockcode": 135334,
          "Barcode": "0265150000007",
          "GtinFormat": 13,
          "CupPrice": 4,
          "InstoreCupPrice": 4,
          "CupMeasure": "1EA",
          "CupString": "$4.00 / 1EA",
          "InstoreCupString": "$4.00 / 1EA",
          "HasCupPrice": true,
          "InstoreHasCupPrice": true,
          "Price": 4,
          "IncrementalPrice": null,
          "IncrementalWasPrice": null,
          "IncrementalMinimumQuantity": null,
          "IncrementalMinimumQuantityUnit": "g",
          "PricePerKGLabel": "Price per Kg charged",
          "MinWeightPrice": null,
          "MaxWeightPrice": null,
          "InstorePrice": 4,
          "Name": "Woolworths Carrot Dutch Bunch",
          "DisplayName": "Woolworths Carrot Dutch Bunch each",
          "UrlFriendlyName": "woolworths-carrot-dutch-bunch",
          "Description": " Woolworths Carrot Dutch<br>Bunch  each",
          "SmallImageFile": "https://cdn0.woolworths.media/content/wowproductimages/small/135334.jpg",
          "MediumImageFile": "https://cdn0.woolworths.media/content/wowproductimages/medium/135334.jpg",
          "LargeImageFile": "https://cdn0.woolworths.media/content/wowproductimages/large/135334.jpg",
          "IsNew": false,
          "IsHalfPrice": false,
          "IsOnlineOnly": false,
          "IsOnSpecial": false,
          "InstoreIsOnSpecial": false,
          "IsEdrSpecial": false,
          "SavingsAmount": 0,
          "InstoreSavingsAmount": 0,
          "WasPrice": 4,
          "InstoreWasPrice": 4,
          "QuantityInTrolley": 0,
          "Unit": "Each",
          "MinimumQuantity": 1,
          "HasBeenBoughtBefore": false,
          "IsInTrolley": false,
          "Source": "SearchServiceSearchProducts",
          "SupplyLimit": 8,
          "ProductLimit": 36,
          "MaxSupplyLimitMessage": "8 item(s) left",
          "IsRanged": true,
          "IsInStock": true,
          "PackageSize": "each",
          "IsPmDelivery": false,
          "IsForCollection": true,
          "IsForDelivery": true,
          "IsForExpress": true,
          "ProductRestrictionMessage": null,
          "ProductWarningMessage": null,
          "CentreTag": {
            "TagContent": null,
            "TagLink": null,
            "FallbackText": null,
            "TagType": "None",
            "MultibuyData": null,
            "MemberPriceData": null,
            "FFPVMemberPriceData": null,
            "TagContentText": null,
            "DualImageTagContent": null,
            "PromotionType": "NOT_SET",
            "IsRegisteredRewardCardPromotion": false
          },
          "IsCentreTag": false,
          "ImageTag": {
            "TagContent": "/content/promotiontags/australian-grown-roundel-200x200.png",
            "TagLink": null,
            "FallbackText": "Australian Grown",
            "TagType": "Image",
            "MultibuyData": null,
            "MemberPriceData": null,
            "FFPVMemberPriceData": null,
            "TagContentText": null,
            "DualImageTagContent": null,
            "PromotionType": "NOT_SET",
            "IsRegisteredRewardCardPromotion": false
          },
          "HeaderTag": null,
          "HasHeaderTag": false,
          "UnitWeightInGrams": 0,
          "SupplyLimitMessage": "'Woolworths Carrot Dutch Bunch' has a supply limit of 8. The quantity in your cart has been reduced accordingly. To purchase a larger quantity, please contact us on 1800 000 610. Please note we do not supply trade orders.",
          "SmallFormatDescription": "Woolworths Carrot Dutch Bunch ",
          "FullDescription": "Woolworths Carrot Dutch Bunch ",
          "IsAvailable": true,
          "InstoreIsAvailable": true,
          "IsPurchasable": true,
          "InstoreIsPurchasable": true,
          "AgeRestricted": false,
          "DisplayQuantity": 1,
          "RichDescription": null,
          "HideWasSavedPrice": false,
          "SapCategories": null,
          "Brand": "Woolworths",
          "IsRestrictedByDeliveryMethod": false,
          "FooterTag": {
            "TagContent": null,
            "TagLink": null,
            "FallbackText": null,
            "TagType": "None",
            "MultibuyData": null,
            "MemberPriceData": null,
            "FFPVMemberPriceData": null,
            "TagContentText": null,
            "DualImageTagContent": null,
            "PromotionType": "NOT_SET",
            "IsRegisteredRewardCardPromotion": false
          },
          "IsFooterEnabled": false,
          "Diagnostics": "8",
          "IsBundle": false,
          "IsInFamily": false,
          "ChildProducts": null,
          "UrlOverride": null,
          "AdditionalAttributes": {
            "boxedcontents": null,
            "addedvitaminsandminerals": "False",
            "sapdepartmentname": "FRUIT AND VEG",
            "spf": null,
            "haircolour": null,
            "lifestyleanddietarystatement": null,
            "sapcategoryname": "VEG / FRESHCUTS / HARD PRODUCE",
            "skintype": null,
            "importantinformation": null,
            "allergystatement": null,
            "productdepthmm": null,
            "skincondition": null,
            "ophthalmologistapproved": null,
            "healthstarrating": "5",
            "hairtype": null,
            "fragrance-free": null,
            "sapsegmentname": "OTHER ROOT VEG",
            "suitablefor": null,
            "PiesProductDepartmentsjson": "[{\"Id\":\"1-E5BEE36E\",\"Description\":\"Fruit & Veg\"}]",
            "piessubcategorynamesjson": "[\"Carrots, Onions & Root Veg\"]",
            "sapsegmentno": "1",
            "productwidthmm": null,
            "contains": null,
            "sapsubcategoryname": "ROOT VEG (INC OTHERS)",
            "dermatologisttested": null,
            "wool_productpackaging": null,
            "dermatologicallyapproved": null,
            "specialsgroupid": null,
            "productimages": "135334.jpg,135334_1.jpg,135334_2.jpg",
            "productheightmm": null,
            "r&r_hidereviews": null,
            "microwavesafe": "False",
            "paba-free": null,
            "lifestyleclaim": null,
            "alcoholfree": null,
            "tgawarning": null,
            "activeconstituents": null,
            "microwaveable": "False",
            "soap-free": null,
            "countryoforigin": null,
            "isexcludedfromsubstitution": "False",
            "productimagecount": "3",
            "r&r_loggedinreviews": null,
            "anti-dandruff": null,
            "servingsize-total-nip": null,
            "tgahealthwarninglink": null,
            "allergenmaybepresent": null,
            "PiesProductDepartmentNodeId": "1-E5BEE36E",
            "parabenfree": "False",
            "vendorarticleid": null,
            "containsgluten": "False",
            "containsnuts": "False",
            "ingredients": null,
            "colour": null,
            "manufacturer": null,
            "sapcategoryno": "63",
            "storageinstructions": "Keep Refrigerated",
            "tgawarnings": null,
            "piesdepartmentnamesjson": "[\"Fruit & Veg\"]",
            "brand": "wow",
            "oilfree": null,
            "fragrance": null,
            "antibacterial": "False",
            "non-comedogenic": null,
            "antiseptic": "False",
            "bpafree": "False",
            "vendorcostprice": null,
            "description": null,
            "sweatresistant": null,
            "sapsubcategoryno": "749",
            "antioxidant": "False",
            "claims": null,
            "phbalanced": null,
            "wool_dietaryclaim": null,
            "ophthalmologisttested": null,
            "sulfatefree": "False",
            "piescategorynamesjson": "[\"Vegetables\"]",
            "servingsperpack-total-nip": null,
            "nutritionalinformation": "{\"Name\":\"Nutritional Information\",\"Attributes\":[{\"Id\":908,\"Name\":\"Sugars Quantity Per 100g - SuffixUnits - NIP\",\"Value\":\"g\",\"Description\":\"Sugars Quantity Per 100g - SuffixUnits - NIP\",\"SortOrder\":646}]}",
            "ovencook": "False",
            "vegetarian": "False",
            "hypo-allergenic": null,
            "timer": null,
            "dermatologistrecommended": null,
            "sapdepartmentno": "30",
            "allergencontains": null,
            "waterresistant": null,
            "friendlydisclaimer": null,
            "recyclableinformation": null,
            "usageinstructions": null,
            "freezable": "False"
          },
          "DetailsImagePaths": [
            "https://cdn0.woolworths.media/content/wowproductimages/large/135334.jpg"
          ],
          "Variety": null,
          "Rating": {
            "ReviewCount": 0,
            "RatingCount": 0,
            "RatingSum": 0,
            "OneStarCount": 0,
            "TwoStarCount": 0,
            "ThreeStarCount": 0,
            "FourStarCount": 0,
            "FiveStarCount": 0,
            "Average": 0,
            "OneStarPercentage": 0,
            "TwoStarPercentage": 0,
            "ThreeStarPercentage": 0,
            "FourStarPercentage": 0,
            "FiveStarPercentage": 0
          },
          "HasProductSubs": false,
          "IsSponsoredAd": false,
          "AdID": null,
          "AdIndex": null,
          "AdStatus": null,
          "IsMarketProduct": false,
          "IsGiftable": false,
          "Vendor": null,
          "Untraceable": false,
          "ThirdPartyProductInfo": null,
          "MarketFeatures": null,
          "MarketSpecifications": null,
          "SupplyLimitSource": "StockQuantity",
          "Tags": [
            {
              "Content": {
                "Type": "Roundel",
                "Position": "Top",
                "Attributes": {
                  "ImagePath": "/content/promotiontags/australian-grown-roundel-200x200.png",
                  "FallbackText": "Australian Grown"
                },
                "FFPVAttributes": null
              },
              "TemplateId": null,
              "Metadata": null
            }
          ],
          "IsPersonalisedByPurchaseHistory": false,
          "IsFromFacetedSearch": false,
          "NextAvailabilityDate": "2026-01-26T00:00:00.0000000Z",
          "NumberOfSubstitutes": 0,
          "IsPrimaryVariant": false,
          "VariantGroupId": 0,
          "HasVariants": false,
          "VariantTitle": null,
          "IsTobacco": false,
          "IsFreeShipping": null,
          "FulfilmentStoreId": 1101,
          "B2BExtendedRange": null,
          "OfferId": null,
          "BundleProductGroups": null
        }
      ],
      "Name": "Woolworths Carrot Dutch Bunch",
      "DisplayName": "Woolworths Carrot Dutch Bunch each"
    },
    {
      "Products": [
        {
          "TileID": 10,
          "Stockcode": 528836,
          "Barcode": "9300633615895",
          "GtinFormat": 13,
          "CupPrice": null,
          "InstoreCupPrice": null,
          "CupMeasure": "1KG",
          "CupString": "",
          "InstoreCupString": "",
          "HasCupPrice": false,
          "InstoreHasCupPrice": false,
          "Price": null,
          "IncrementalPrice": null,
          "IncrementalWasPrice": null,
          "IncrementalMinimumQuantity": null,
          "IncrementalMinimumQuantityUnit": "g",
          "PricePerKGLabel": "Price per Kg charged",
          "MinWeightPrice": null,
          "MaxWeightPrice": null,
          "InstorePrice": null,
          "Name": "Macro Purple Carrot Organic",
          "DisplayName": "Macro Purple Carrot Organic 500g",
          "UrlFriendlyName": "macro-purple-carrot-organic",
          "Description": " Macro Purple Carrot Organic  500g",
          "SmallImageFile": "https://cdn0.woolworths.media/content/wowproductimages/small/528836.jpg",
          "MediumImageFile": "https://cdn0.woolworths.media/content/wowproductimages/medium/528836.jpg",
          "LargeImageFile": "https://cdn0.woolworths.media/content/wowproductimages/large/528836.jpg",
          "IsNew": false,
          "IsHalfPrice": false,
          "IsOnlineOnly": false,
          "IsOnSpecial": false,
          "InstoreIsOnSpecial": false,
          "IsEdrSpecial": false,
          "SavingsAmount": null,
          "InstoreSavingsAmount": null,
          "WasPrice": 6.9,
          "InstoreWasPrice": 6.9,
          "QuantityInTrolley": 0,
          "Unit": "Each",
          "MinimumQuantity": 1,
          "HasBeenBoughtBefore": false,
          "IsInTrolley": false,
          "Source": "SearchServiceSearchProducts",
          "SupplyLimit": 36,
          "ProductLimit": 36,
          "MaxSupplyLimitMessage": "36 item limit",
          "IsRanged": true,
          "IsInStock": false,
          "PackageSize": "500g",
          "IsPmDelivery": false,
          "IsForCollection": true,
          "IsForDelivery": true,
          "IsForExpress": true,
          "ProductRestrictionMessage": null,
          "ProductWarningMessage": null,
          "CentreTag": {
            "TagContent": null,
            "TagLink": null,
            "FallbackText": null,
            "TagType": "None",
            "MultibuyData": null,
            "MemberPriceData": null,
            "FFPVMemberPriceData": null,
            "TagContentText": null,
            "DualImageTagContent": null,
            "PromotionType": "NOT_SET",
            "IsRegisteredRewardCardPromotion": false
          },
          "IsCentreTag": false,
          "ImageTag": {
            "TagContent": null,
            "TagLink": null,
            "FallbackText": null,
            "TagType": "None",
            "MultibuyData": null,
            "MemberPriceData": null,
            "FFPVMemberPriceData": null,
            "TagContentText": null,
            "DualImageTagContent": null,
            "PromotionType": "NOT_SET",
            "IsRegisteredRewardCardPromotion": false
          },
          "HeaderTag": null,
          "HasHeaderTag": false,
          "UnitWeightInGrams": 0,
          "SupplyLimitMessage": "'Macro Purple Carrot Organic' has a supply limit of 36. The quantity in your cart has been reduced accordingly. To purchase a larger quantity, please contact us on 1800 000 610. Please note we do not supply trade orders.",
          "SmallFormatDescription": "Macro Purple Carrot Organic ",
          "FullDescription": "Macro Purple Carrot Organic ",
          "IsAvailable": false,
          "InstoreIsAvailable": false,
          "IsPurchasable": false,
          "InstoreIsPurchasable": false,
          "AgeRestricted": false,
          "DisplayQuantity": 1,
          "RichDescription": null,
          "HideWasSavedPrice": true,
          "SapCategories": null,
          "Brand": "Macro",
          "IsRestrictedByDeliveryMethod": false,
          "FooterTag": {
            "TagContent": null,
            "TagLink": null,
            "FallbackText": null,
            "TagType": "None",
            "MultibuyData": null,
            "MemberPriceData": null,
            "FFPVMemberPriceData": null,
            "TagContentText": null,
            "DualImageTagContent": null,
            "PromotionType": "NOT_SET",
            "IsRegisteredRewardCardPromotion": false
          },
          "IsFooterEnabled": false,
          "Diagnostics": "9",
          "IsBundle": false,
          "IsInFamily": false,
          "ChildProducts": null,
          "UrlOverride": null,
          "AdditionalAttributes": {
            "boxedcontents": null,
            "addedvitaminsandminerals": "False",
            "sapdepartmentname": "FRUIT AND VEG",
            "spf": null,
            "haircolour": null,
            "lifestyleanddietarystatement": "Low Fat,Low Salt,Low Sugar,Organic",
            "sapcategoryname": "VEG / FRESHCUTS / HARD PRODUCE",
            "skintype": null,
            "importantinformation": null,
            "allergystatement": null,
            "productdepthmm": null,
            "skincondition": null,
            "ophthalmologistapproved": null,
            "healthstarrating": null,
            "hairtype": null,
            "fragrance-free": null,
            "sapsegmentname": "ORGANIC VEGETABLES",
            "suitablefor": null,
            "PiesProductDepartmentsjson": "[{\"Id\":\"1-E5BEE36E\",\"Description\":\"Fruit & Veg\"}]",
            "piessubcategorynamesjson": "[\"Prepacked Vegetables\",\"Carrots, Onions & Root Veg\",\"Organic Salad\",\"Organic Vegetables\",\"Organic Salad\",\"Organic Vegetables\"]",
            "sapsegmentno": "1",
            "productwidthmm": null,
            "contains": null,
            "sapsubcategoryname": "ORGANICS",
            "dermatologisttested": null,
            "wool_productpackaging": null,
            "dermatologicallyapproved": null,
            "specialsgroupid": null,
            "productimages": "528836.jpg",
            "productheightmm": null,
            "r&r_hidereviews": null,
            "microwavesafe": "False",
            "paba-free": null,
            "lifestyleclaim": null,
            "alcoholfree": null,
            "tgawarning": null,
            "activeconstituents": null,
            "microwaveable": "False",
            "soap-free": null,
            "countryoforigin": null,
            "isexcludedfromsubstitution": "False",
            "productimagecount": "1",
            "r&r_loggedinreviews": null,
            "anti-dandruff": null,
            "servingsize-total-nip": null,
            "tgahealthwarninglink": null,
            "allergenmaybepresent": null,
            "PiesProductDepartmentNodeId": "1-E5BEE36E",
            "parabenfree": "False",
            "vendorarticleid": null,
            "containsgluten": "False",
            "containsnuts": "False",
            "ingredients": null,
            "colour": null,
            "manufacturer": null,
            "sapcategoryno": "63",
            "storageinstructions": "Coolroom Storage & Chilled Display",
            "tgawarnings": null,
            "piesdepartmentnamesjson": "[\"Fruit & Veg\"]",
            "brand": "macro",
            "oilfree": null,
            "fragrance": null,
            "antibacterial": "False",
            "non-comedogenic": null,
            "antiseptic": "False",
            "bpafree": "False",
            "vendorcostprice": null,
            "description": null,
            "sweatresistant": null,
            "sapsubcategoryno": "557",
            "antioxidant": "False",
            "claims": null,
            "phbalanced": null,
            "wool_dietaryclaim": null,
            "ophthalmologisttested": null,
            "sulfatefree": "False",
            "piescategorynamesjson": "[\"Vegetables\",\"Salad\",\"Organic\"]",
            "servingsperpack-total-nip": null,
            "nutritionalinformation": "{\"Name\":\"Nutritional Information\",\"Attributes\":[{\"Id\":908,\"Name\":\"Sugars Quantity Per 100g - SuffixUnits - NIP\",\"Value\":\"g\",\"Description\":\"Sugars Quantity Per 100g - SuffixUnits - NIP\",\"SortOrder\":646}]}",
            "ovencook": "False",
            "vegetarian": "False",
            "hypo-allergenic": null,
            "timer": null,
            "dermatologistrecommended": null,
            "sapdepartmentno": "30",
            "allergencontains": null,
            "waterresistant": null,
            "friendlydisclaimer": null,
            "recyclableinformation": null,
            "usageinstructions": null,
            "freezable": "False"
          },
          "DetailsImagePaths": [
            "https://cdn0.woolworths.media/content/wowproductimages/large/528836.jpg"
          ],
          "Variety": null,
          "Rating": {
            "ReviewCount": 0,
            "RatingCount": 0,
            "RatingSum": 0,
            "OneStarCount": 0,
            "TwoStarCount": 0,
            "ThreeStarCount": 0,
            "FourStarCount": 0,
            "FiveStarCount": 0,
            "Average": 0,
            "OneStarPercentage": 0,
            "TwoStarPercentage": 0,
            "ThreeStarPercentage": 0,
            "FourStarPercentage": 0,
            "FiveStarPercentage": 0
          },
          "HasProductSubs": false,
          "IsSponsoredAd": false,
          "AdID": null,
          "AdIndex": null,
          "AdStatus": null,
          "IsMarketProduct": false,
          "IsGiftable": false,
          "Vendor": null,
          "Untraceable": false,
          "ThirdPartyProductInfo": null,
          "MarketFeatures": null,
          "MarketSpecifications": null,
          "SupplyLimitSource": "ProductLimit",
          "Tags": null,
          "IsPersonalisedByPurchaseHistory": false,
          "IsFromFacetedSearch": false,
          "NextAvailabilityDate": null,
          "NumberOfSubstitutes": 0,
          "IsPrimaryVariant": false,
          "VariantGroupId": 0,
          "HasVariants": false,
          "VariantTitle": null,
          "IsTobacco": false,
          "IsFreeShipping": null,
          "FulfilmentStoreId": 1101,
          "B2BExtendedRange": null,
          "OfferId": null,
          "BundleProductGroups": null
        }
      ],
      "Name": "Macro Purple Carrot Organic",
      "DisplayName": "Macro Purple Carrot Organic 500g"
    },
    {
      "Products": [
        {
          "TileID": 11,
          "Stockcode": 571899,
          "Barcode": "9317948012783",
          "GtinFormat": 13,
          "CupPrice": 27.78,
          "InstoreCupPrice": 27.78,
          "CupMeasure": "1KG",
          "CupString": "$27.78 / 1KG",
          "InstoreCupString": "$27.78 / 1KG",
          "HasCupPrice": true,
          "InstoreHasCupPrice": true,
          "Price": 5,
          "IncrementalPrice": null,
          "IncrementalWasPrice": null,
          "IncrementalMinimumQuantity": null,
          "IncrementalMinimumQuantityUnit": "g",
          "PricePerKGLabel": "Price per Kg charged",
          "MinWeightPrice": null,
          "MaxWeightPrice": null,
          "InstorePrice": 5,
          "Name": "Broccolini & Carrot with oil and honey seasalt Honey Sea Salt Carrots With Broccolini",
          "DisplayName": "Honey Sea Salt Carrots With Broccolini 180g",
          "UrlFriendlyName": "broccolini-carrot-with-oil-and-honey-seasalt-honey-sea-salt-carrots-with-broccolini",
          "Description": " Broccolini & Carrot with oil<br>and honey seasalt... 180g",
          "SmallImageFile": "https://cdn0.woolworths.media/content/wowproductimages/small/571899.jpg",
          "MediumImageFile": "https://cdn0.woolworths.media/content/wowproductimages/medium/571899.jpg",
          "LargeImageFile": "https://cdn0.woolworths.media/content/wowproductimages/large/571899.jpg",
          "IsNew": false,
          "IsHalfPrice": false,
          "IsOnlineOnly": false,
          "IsOnSpecial": false,
          "InstoreIsOnSpecial": false,
          "IsEdrSpecial": false,
          "SavingsAmount": 0,
          "InstoreSavingsAmount": 0,
          "WasPrice": 5,
          "InstoreWasPrice": 5,
          "QuantityInTrolley": 0,
          "Unit": "Each",
          "MinimumQuantity": 1,
          "HasBeenBoughtBefore": false,
          "IsInTrolley": false,
          "Source": "SearchServiceSearchProducts",
          "SupplyLimit": 3,
          "ProductLimit": 36,
          "MaxSupplyLimitMessage": "3 item(s) left",
          "IsRanged": true,
          "IsInStock": true,
          "PackageSize": "180g",
          "IsPmDelivery": false,
          "IsForCollection": true,
          "IsForDelivery": true,
          "IsForExpress": true,
          "ProductRestrictionMessage": null,
          "ProductWarningMessage": null,
          "CentreTag": {
            "TagContent": null,
            "TagLink": null,
            "FallbackText": null,
            "TagType": "None",
            "MultibuyData": null,
            "MemberPriceData": null,
            "FFPVMemberPriceData": null,
            "TagContentText": null,
            "DualImageTagContent": null,
            "PromotionType": "NOT_SET",
            "IsRegisteredRewardCardPromotion": false
          },
          "IsCentreTag": false,
          "ImageTag": {
            "TagContent": null,
            "TagLink": null,
            "FallbackText": "",
            "TagType": "Image",
            "MultibuyData": null,
            "MemberPriceData": null,
            "FFPVMemberPriceData": null,
            "TagContentText": null,
            "DualImageTagContent": null,
            "PromotionType": "NOT_SET",
            "IsRegisteredRewardCardPromotion": false
          },
          "HeaderTag": null,
          "HasHeaderTag": false,
          "UnitWeightInGrams": 0,
          "SupplyLimitMessage": "'Broccolini & Carrot with oil and honey seasalt Honey Sea Salt Carrots With Broccolini' has a supply limit of 3. The quantity in your cart has been reduced accordingly. To purchase a larger quantity, please contact us on 1800 000 610. Please note we do not supply trade orders.",
          "SmallFormatDescription": "Broccolini & Carrot with oil and honey seasalt Honey Sea Salt Carrots With Broccolini",
          "FullDescription": "Broccolini & Carrot with oil and honey seasalt Honey Sea Salt Carrots With Broccolini",
          "IsAvailable": true,
          "InstoreIsAvailable": true,
          "IsPurchasable": true,
          "InstoreIsPurchasable": true,
          "AgeRestricted": false,
          "DisplayQuantity": 1,
          "RichDescription": null,
          "HideWasSavedPrice": false,
          "SapCategories": null,
          "Brand": "Broccolini & Carrot with oil and honey seasalt",
          "IsRestrictedByDeliveryMethod": false,
          "FooterTag": {
            "TagContent": null,
            "TagLink": null,
            "FallbackText": null,
            "TagType": "None",
            "MultibuyData": null,
            "MemberPriceData": null,
            "FFPVMemberPriceData": null,
            "TagContentText": null,
            "DualImageTagContent": null,
            "PromotionType": "NOT_SET",
            "IsRegisteredRewardCardPromotion": false
          },
          "IsFooterEnabled": false,
          "Diagnostics": "10",
          "IsBundle": false,
          "IsInFamily": false,
          "ChildProducts": null,
          "UrlOverride": null,
          "AdditionalAttributes": {
            "boxedcontents": null,
            "addedvitaminsandminerals": "False",
            "sapdepartmentname": "FRUIT AND VEG",
            "spf": null,
            "haircolour": null,
            "lifestyleanddietarystatement": null,
            "sapcategoryname": "VEG / FRESHCUTS / HARD PRODUCE",
            "skintype": null,
            "importantinformation": null,
            "allergystatement": null,
            "productdepthmm": null,
            "skincondition": null,
            "ophthalmologistapproved": null,
            "healthstarrating": "3.5",
            "hairtype": null,
            "fragrance-free": null,
            "sapsegmentname": "EASY SIDES - MICROWAVE",
            "suitablefor": null,
            "PiesProductDepartmentsjson": "[{\"Id\":\"1-E5BEE36E\",\"Description\":\"Fruit & Veg\"},{\"Id\":\"1_8AD6702\",\"Description\":\"Dinner\"}]",
            "piessubcategorynamesjson": "[\"Beetroot & Carrot\",\"Single Meals\",\"Prepacked Vegetables\",\"Washed & Cut Vegetables\",\"Microwave Ready Sides\",\"Entertaining Sides\"]",
            "sapsegmentno": "4",
            "productwidthmm": null,
            "contains": null,
            "sapsubcategoryname": "VALUE ADD VEG",
            "dermatologisttested": null,
            "wool_productpackaging": null,
            "dermatologicallyapproved": null,
            "specialsgroupid": null,
            "productimages": "571899.jpg,571899_1.jpg,571899_2.jpg,571899_6.jpg",
            "productheightmm": null,
            "r&r_hidereviews": null,
            "microwavesafe": "False",
            "paba-free": null,
            "lifestyleclaim": null,
            "alcoholfree": null,
            "tgawarning": null,
            "activeconstituents": null,
            "microwaveable": "False",
            "soap-free": null,
            "countryoforigin": null,
            "isexcludedfromsubstitution": "False",
            "productimagecount": "4",
            "r&r_loggedinreviews": null,
            "anti-dandruff": null,
            "servingsize-total-nip": null,
            "tgahealthwarninglink": null,
            "allergenmaybepresent": null,
            "PiesProductDepartmentNodeId": "1-E5BEE36E",
            "parabenfree": "False",
            "vendorarticleid": null,
            "containsgluten": "False",
            "containsnuts": "False",
            "ingredients": null,
            "colour": null,
            "manufacturer": null,
            "sapcategoryno": "63",
            "storageinstructions": null,
            "tgawarnings": null,
            "piesdepartmentnamesjson": "[\"Fruit & Veg\",\"Dinner\"]",
            "brand": null,
            "oilfree": null,
            "fragrance": null,
            "antibacterial": "False",
            "non-comedogenic": null,
            "antiseptic": "False",
            "bpafree": "False",
            "vendorcostprice": null,
            "description": null,
            "sweatresistant": null,
            "sapsubcategoryno": "998",
            "antioxidant": "False",
            "claims": null,
            "phbalanced": null,
            "wool_dietaryclaim": null,
            "ophthalmologisttested": null,
            "sulfatefree": "False",
            "piescategorynamesjson": "[\"Salad\",\"Microwave Meals\",\"Vegetables\",\"Sides & Starters\",\"Prepared Vegetables\"]",
            "servingsperpack-total-nip": null,
            "nutritionalinformation": null,
            "ovencook": "False",
            "vegetarian": "False",
            "hypo-allergenic": null,
            "timer": null,
            "dermatologistrecommended": null,
            "sapdepartmentno": "30",
            "allergencontains": null,
            "waterresistant": null,
            "friendlydisclaimer": null,
            "recyclableinformation": null,
            "usageinstructions": null,
            "freezable": "False"
          },
          "DetailsImagePaths": [
            "https://cdn0.woolworths.media/content/wowproductimages/large/571899.jpg"
          ],
          "Variety": "With Broccolini",
          "Rating": {
            "ReviewCount": 0,
            "RatingCount": 0,
            "RatingSum": 0,
            "OneStarCount": 0,
            "TwoStarCount": 0,
            "ThreeStarCount": 0,
            "FourStarCount": 0,
            "FiveStarCount": 0,
            "Average": 0,
            "OneStarPercentage": 0,
            "TwoStarPercentage": 0,
            "ThreeStarPercentage": 0,
            "FourStarPercentage": 0,
            "FiveStarPercentage": 0
          },
          "HasProductSubs": false,
          "IsSponsoredAd": false,
          "AdID": null,
          "AdIndex": null,
          "AdStatus": null,
          "IsMarketProduct": false,
          "IsGiftable": false,
          "Vendor": null,
          "Untraceable": false,
          "ThirdPartyProductInfo": null,
          "MarketFeatures": null,
          "MarketSpecifications": null,
          "SupplyLimitSource": "StockQuantity",
          "Tags": null,
          "IsPersonalisedByPurchaseHistory": false,
          "IsFromFacetedSearch": false,
          "NextAvailabilityDate": "2026-01-26T00:00:00.0000000Z",
          "NumberOfSubstitutes": 0,
          "IsPrimaryVariant": false,
          "VariantGroupId": 0,
          "HasVariants": false,
          "VariantTitle": null,
          "IsTobacco": false,
          "IsFreeShipping": null,
          "FulfilmentStoreId": 1101,
          "B2BExtendedRange": null,
          "OfferId": null,
          "BundleProductGroups": null
        }
      ],
      "Name": "Broccolini & Carrot with oil and honey seasalt Honey Sea Salt Carrots With Broccolini",
      "DisplayName": "Honey Sea Salt Carrots With Broccolini 180g"
    },
    {
      "Products": [
        {
          "TileID": 12,
          "Stockcode": 259404,
          "Barcode": "9321406002308",
          "GtinFormat": 13,
          "CupPrice": 10.67,
          "InstoreCupPrice": 14.67,
          "CupMeasure": "1KG",
          "CupString": "$10.67 / 1KG",
          "InstoreCupString": "$14.67 / 1KG",
          "HasCupPrice": true,
          "InstoreHasCupPrice": true,
          "Price": 1.6,
          "IncrementalPrice": null,
          "IncrementalWasPrice": null,
          "IncrementalMinimumQuantity": null,
          "IncrementalMinimumQuantityUnit": "g",
          "PricePerKGLabel": "Price per Kg charged",
          "MinWeightPrice": null,
          "MaxWeightPrice": null,
          "InstorePrice": 1.6,
          "Name": "Just Veg. Carrot Sticks",
          "DisplayName": "Just Veg. Carrot Sticks 150g",
          "UrlFriendlyName": "just-veg-carrot-sticks",
          "Description": " Just Veg. Carrot Sticks  150g",
          "SmallImageFile": "https://cdn0.woolworths.media/content/wowproductimages/small/259404.jpg",
          "MediumImageFile": "https://cdn0.woolworths.media/content/wowproductimages/medium/259404.jpg",
          "LargeImageFile": "https://cdn0.woolworths.media/content/wowproductimages/large/259404.jpg",
          "IsNew": false,
          "IsHalfPrice": false,
          "IsOnlineOnly": true,
          "IsOnSpecial": true,
          "InstoreIsOnSpecial": true,
          "IsEdrSpecial": false,
          "SavingsAmount": 0.6,
          "InstoreSavingsAmount": 0.6,
          "WasPrice": 2.2,
          "InstoreWasPrice": 2.2,
          "QuantityInTrolley": 0,
          "Unit": "Each",
          "MinimumQuantity": 1,
          "HasBeenBoughtBefore": false,
          "IsInTrolley": false,
          "Source": "SearchServiceSearchProducts",
          "SupplyLimit": 9,
          "ProductLimit": 36,
          "MaxSupplyLimitMessage": "9 item(s) left",
          "IsRanged": true,
          "IsInStock": true,
          "PackageSize": "150g",
          "IsPmDelivery": false,
          "IsForCollection": true,
          "IsForDelivery": true,
          "IsForExpress": true,
          "ProductRestrictionMessage": null,
          "ProductWarningMessage": null,
          "CentreTag": {
            "TagContent": null,
            "TagLink": null,
            "FallbackText": null,
            "TagType": "None",
            "MultibuyData": null,
            "MemberPriceData": null,
            "FFPVMemberPriceData": null,
            "TagContentText": null,
            "DualImageTagContent": null,
            "PromotionType": "NOT_SET",
            "IsRegisteredRewardCardPromotion": false
          },
          "IsCentreTag": false,
          "ImageTag": {
            "TagContent": "/content/promotiontags/roundel-online-only-25-percent-off-200x200.png",
            "TagLink": "",
            "FallbackText": "Online Only 25% Off",
            "TagType": "Image",
            "MultibuyData": null,
            "MemberPriceData": null,
            "FFPVMemberPriceData": null,
            "TagContentText": null,
            "DualImageTagContent": null,
            "PromotionType": "NOT_SET",
            "IsRegisteredRewardCardPromotion": false
          },
          "HeaderTag": {
            "BackgroundColor": "#fd0",
            "BorderColor": "#fd0",
            "TextColor": "#000",
            "Content": "Save $0.60",
            "PromotionName": null,
            "TagLink": null,
            "Promotion": "Special",
            "IncrementalSavingsAmount": null
          },
          "HasHeaderTag": true,
          "UnitWeightInGrams": 0,
          "SupplyLimitMessage": "'Just Veg. Carrot Sticks' has a supply limit of 9. The quantity in your cart has been reduced accordingly. To purchase a larger quantity, please contact us on 1800 000 610. Please note we do not supply trade orders.",
          "SmallFormatDescription": "Just Veg. Carrot Sticks ",
          "FullDescription": "Just Veg. Carrot Sticks ",
          "IsAvailable": true,
          "InstoreIsAvailable": true,
          "IsPurchasable": true,
          "InstoreIsPurchasable": true,
          "AgeRestricted": false,
          "DisplayQuantity": 1,
          "RichDescription": null,
          "HideWasSavedPrice": false,
          "SapCategories": null,
          "Brand": "Just Veg.",
          "IsRestrictedByDeliveryMethod": false,
          "FooterTag": {
            "TagContent": null,
            "TagLink": null,
            "FallbackText": null,
            "TagType": "None",
            "MultibuyData": null,
            "MemberPriceData": null,
            "FFPVMemberPriceData": null,
            "TagContentText": null,
            "DualImageTagContent": null,
            "PromotionType": "NOT_SET",
            "IsRegisteredRewardCardPromotion": false
          },
          "IsFooterEnabled": false,
          "Diagnostics": "11",
          "IsBundle": false,
          "IsInFamily": false,
          "ChildProducts": null,
          "UrlOverride": null,
          "AdditionalAttributes": {
            "boxedcontents": null,
            "addedvitaminsandminerals": "False",
            "sapdepartmentname": "FRUIT AND VEG",
            "spf": null,
            "haircolour": null,
            "lifestyleanddietarystatement": "Gluten Free,Low Fat,Low Salt,Low Sugar,Vegan,Vegetarian",
            "sapcategoryname": "VEG / FRESHCUTS / HARD PRODUCE",
            "skintype": null,
            "importantinformation": null,
            "allergystatement": "Dairy Free,Egg Free,Fish Free,Gluten Free,Lactose Free,Soy Free,Wheat Free",
            "productdepthmm": null,
            "skincondition": null,
            "ophthalmologistapproved": null,
            "healthstarrating": null,
            "hairtype": null,
            "fragrance-free": null,
            "sapsegmentname": "CUT VEG",
            "suitablefor": null,
            "PiesProductDepartmentsjson": "[{\"Id\":\"1_9E92C35\",\"Description\":\"Lunch Box\"},{\"Id\":\"1-E5BEE36E\",\"Description\":\"Fruit & Veg\"},{\"Id\":\"1_8AD6702\",\"Description\":\"Dinner\"}]",
            "piessubcategorynamesjson": "[\"Kids Snacks & Lunch\",\"Washed & Cut Vegetables\",\"Prepacked Vegetables\",\"Cut Veg\"]",
            "sapsegmentno": "64",
            "productwidthmm": null,
            "contains": null,
            "sapsubcategoryname": "VALUE ADD VEG",
            "dermatologisttested": null,
            "wool_productpackaging": null,
            "dermatologicallyapproved": null,
            "specialsgroupid": null,
            "productimages": "259404.jpg",
            "productheightmm": null,
            "r&r_hidereviews": null,
            "microwavesafe": "False",
            "paba-free": null,
            "lifestyleclaim": "Vegetarian",
            "alcoholfree": null,
            "tgawarning": null,
            "activeconstituents": null,
            "microwaveable": "False",
            "soap-free": null,
            "countryoforigin": null,
            "isexcludedfromsubstitution": "False",
            "productimagecount": "1",
            "r&r_loggedinreviews": null,
            "anti-dandruff": null,
            "servingsize-total-nip": null,
            "tgahealthwarninglink": null,
            "allergenmaybepresent": null,
            "PiesProductDepartmentNodeId": "1_9E92C35",
            "parabenfree": "False",
            "vendorarticleid": null,
            "containsgluten": "False",
            "containsnuts": "False",
            "ingredients": "Carrot",
            "colour": null,
            "manufacturer": null,
            "sapcategoryno": "63",
            "storageinstructions": null,
            "tgawarnings": null,
            "piesdepartmentnamesjson": "[\"Lunch Box\",\"Fruit & Veg\",\"Dinner\"]",
            "brand": "just veg.",
            "oilfree": null,
            "fragrance": null,
            "antibacterial": "False",
            "non-comedogenic": null,
            "antiseptic": "False",
            "bpafree": "False",
            "vendorcostprice": null,
            "description": "Just Veg. Carrot Sticks are grown by Aussie Farmers who want to give you a helping hand in the kitchen. We know life's busy and sometimes it's the little things that count.\n\nJust Veg. Carrot Sticks are a convenient, healthy alternative for snacks, salads, sandwiches, cakes, soups, stews and stir-fries.\n\nJust Veg. loves carrots of all shapes and sizes. The carrots are chopped, including the imperfect ones, to create healthy, easy snacks and meal solutions for busy people.\n\nFights food waste. Supports Aussie Farmers.\n\nFor recipe inspiration, check out www.justveg.com.au.",
            "sweatresistant": null,
            "sapsubcategoryno": "998",
            "antioxidant": "False",
            "claims": null,
            "phbalanced": null,
            "wool_dietaryclaim": null,
            "ophthalmologisttested": null,
            "sulfatefree": "False",
            "piescategorynamesjson": "[\"Sides & Starters\",\"Vegetables\",\"Prepared Vegetables\",\"Healthier Lunch Box\"]",
            "servingsperpack-total-nip": null,
            "nutritionalinformation": "{\"Name\":\"Nutritional Information\",\"Attributes\":[{\"Id\":705,\"Name\":\"Carbohydrate Quantity Per 100g - Total - NIP\",\"Value\":\"5.0g\",\"Description\":\"Carbohydrate Quantity Per 100g - Total - NIP\",\"SortOrder\":83},{\"Id\":706,\"Name\":\"Carbohydrate Quantity Per Serve - Total - NIP\",\"Value\":\"3.0g\",\"Description\":\"Carbohydrate Quantity Per Serve - Total - NIP\",\"SortOrder\":87},{\"Id\":759,\"Name\":\"Energy kJ Quantity Per 100g - Total - NIP\",\"Value\":\"138KJ\",\"Description\":\"Energy kJ Quantity Per 100g - Total - NIP\",\"SortOrder\":239},{\"Id\":760,\"Name\":\"Energy kJ Quantity Per Serve - Total - NIP\",\"Value\":\"83KJ\",\"Description\":\"Energy kJ Quantity Per Serve - Total - NIP\",\"SortOrder\":243},{\"Id\":253,\"Name\":\"Fat Saturated Quantity Per 100g - Total - NIP\",\"Value\":\"0.0g\",\"Description\":\"Fat Saturated Quantity Per 100g - Total - NIP\",\"SortOrder\":251},{\"Id\":258,\"Name\":\"Fat Saturated Quantity Per Serve - Total - NIP\",\"Value\":\"0\",\"Description\":\"Fat Saturated Quantity Per Serve - Total - NIP\",\"SortOrder\":255},{\"Id\":764,\"Name\":\"Fat Total Quantity Per 100g - Total - NIP\",\"Value\":\"0.1g\",\"Description\":\"Fat Total Quantity Per 100g - Total - NIP\",\"SortOrder\":263},{\"Id\":264,\"Name\":\"Fat Total Quantity Per Serve - Total - NIP\",\"Value\":\"0.1g\",\"Description\":\"Fat Total Quantity Per Serve - Total - NIP\",\"SortOrder\":267},{\"Id\":878,\"Name\":\"Protein Quantity Per 100g - Total - NIP\",\"Value\":\"0.8g\",\"Description\":\"Protein Quantity Per 100g - Total - NIP\",\"SortOrder\":587},{\"Id\":882,\"Name\":\"Protein Quantity Per Serve - Total - NIP\",\"Value\":\"0.5g\",\"Description\":\"Protein Quantity Per Serve - Total - NIP\",\"SortOrder\":591},{\"Id\":544,\"Name\":\"Servings Per Pack - Total - NIP\",\"Value\":\"2.5\",\"Description\":\"Servings Per Pack - Total - NIP\",\"SortOrder\":611},{\"Id\":491,\"Name\":\"Sodium Quantity Per 100g - Total - NIP\",\"Value\":\"40mg\",\"Description\":\"Sodium Quantity Per 100g - Total - NIP\",\"SortOrder\":623},{\"Id\":495,\"Name\":\"Sodium Quantity Per Serve - Total - NIP\",\"Value\":\"24mg\",\"Description\":\"Sodium Quantity Per Serve - Total - NIP\",\"SortOrder\":627},{\"Id\":909,\"Name\":\"Sugars Quantity Per 100g - Total - NIP\",\"Value\":\"5.0g\",\"Description\":\"Sugars Quantity Per 100g - Total - NIP\",\"SortOrder\":647},{\"Id\":912,\"Name\":\"Sugars Quantity Per Serve - Total - NIP\",\"Value\":\"3.0g\",\"Description\":\"Sugars Quantity Per Serve - Total - NIP\",\"SortOrder\":651}]}",
            "ovencook": "False",
            "vegetarian": "False",
            "hypo-allergenic": null,
            "timer": null,
            "dermatologistrecommended": null,
            "sapdepartmentno": "30",
            "allergencontains": null,
            "waterresistant": null,
            "friendlydisclaimer": null,
            "recyclableinformation": null,
            "usageinstructions": null,
            "freezable": "False"
          },
          "DetailsImagePaths": [
            "https://cdn0.woolworths.media/content/wowproductimages/large/259404.jpg"
          ],
          "Variety": null,
          "Rating": {
            "ReviewCount": 0,
            "RatingCount": 0,
            "RatingSum": 0,
            "OneStarCount": 0,
            "TwoStarCount": 0,
            "ThreeStarCount": 0,
            "FourStarCount": 0,
            "FiveStarCount": 0,
            "Average": 0,
            "OneStarPercentage": 0,
            "TwoStarPercentage": 0,
            "ThreeStarPercentage": 0,
            "FourStarPercentage": 0,
            "FiveStarPercentage": 0
          },
          "HasProductSubs": false,
          "IsSponsoredAd": false,
          "AdID": null,
          "AdIndex": null,
          "AdStatus": null,
          "IsMarketProduct": false,
          "IsGiftable": false,
          "Vendor": null,
          "Untraceable": false,
          "ThirdPartyProductInfo": null,
          "MarketFeatures": null,
          "MarketSpecifications": null,
          "SupplyLimitSource": "StockQuantity",
          "Tags": [
            {
              "Content": {
                "Type": "Label",
                "Position": "Top",
                "Attributes": {
                  "Text": "Save $0.60",
                  "Promotion": "Special",
                  "BackgroundColor": "#fd0",
                  "BorderColor": "#fd0",
                  "TextColor": "#000"
                },
                "FFPVAttributes": null
              },
              "TemplateId": null,
              "Metadata": null
            },
            {
              "Content": {
                "Type": "Roundel",
                "Position": "Top",
                "Attributes": {
                  "ImagePath": "/content/promotiontags/roundel-online-only-25-percent-off-200x200.png",
                  "FallbackText": "Online Only 25% Off"
                },
                "FFPVAttributes": null
              },
              "TemplateId": null,
              "Metadata": null
            }
          ],
          "IsPersonalisedByPurchaseHistory": false,
          "IsFromFacetedSearch": false,
          "NextAvailabilityDate": "2026-01-26T00:00:00.0000000Z",
          "NumberOfSubstitutes": 0,
          "IsPrimaryVariant": false,
          "VariantGroupId": 0,
          "HasVariants": false,
          "VariantTitle": null,
          "IsTobacco": false,
          "IsFreeShipping": null,
          "FulfilmentStoreId": 1101,
          "B2BExtendedRange": null,
          "OfferId": "22839950",
          "BundleProductGroups": null
        }
      ],
      "Name": "Just Veg. Carrot Sticks",
      "DisplayName": "Just Veg. Carrot Sticks 150g"
    },
    {
      "Products": [
        {
          "TileID": 13,
          "Stockcode": 694123,
          "Barcode": "9339687049080",
          "GtinFormat": 13,
          "CupPrice": 5.09,
          "InstoreCupPrice": 5.09,
          "CupMeasure": "100G",
          "CupString": "$5.09 / 100G",
          "InstoreCupString": "$5.09 / 100G",
          "HasCupPrice": true,
          "InstoreHasCupPrice": true,
          "Price": 5.5,
          "IncrementalPrice": null,
          "IncrementalWasPrice": null,
          "IncrementalMinimumQuantity": null,
          "IncrementalMinimumQuantityUnit": "g",
          "PricePerKGLabel": "Price per Kg charged",
          "MinWeightPrice": null,
          "MaxWeightPrice": null,
          "InstorePrice": 5.5,
          "Name": "Macro Lentil Bites Carrot",
          "DisplayName": "Macro Lentil Bites Carrot 6 pack",
          "UrlFriendlyName": "macro-lentil-bites-carrot",
          "Description": " Macro Lentil Bites Carrot  6 pack",
          "SmallImageFile": "https://cdn0.woolworths.media/content/wowproductimages/small/694123.jpg",
          "MediumImageFile": "https://cdn0.woolworths.media/content/wowproductimages/medium/694123.jpg",
          "LargeImageFile": "https://cdn0.woolworths.media/content/wowproductimages/large/694123.jpg",
          "IsNew": false,
          "IsHalfPrice": false,
          "IsOnlineOnly": false,
          "IsOnSpecial": false,
          "InstoreIsOnSpecial": false,
          "IsEdrSpecial": false,
          "SavingsAmount": 0.0,
          "InstoreSavingsAmount": 0.0,
          "WasPrice": 5.5,
          "InstoreWasPrice": 5.5,
          "QuantityInTrolley": 0,
          "Unit": "Each",
          "MinimumQuantity": 1,
          "HasBeenBoughtBefore": false,
          "IsInTrolley": false,
          "Source": "SearchServiceSearchProducts",
          "SupplyLimit": 7,
          "ProductLimit": 36,
          "MaxSupplyLimitMessage": "7 item(s) left",
          "IsRanged": true,
          "IsInStock": true,
          "PackageSize": "6 pack",
          "IsPmDelivery": false,
          "IsForCollection": true,
          "IsForDelivery": true,
          "IsForExpress": true,
          "ProductRestrictionMessage": null,
          "ProductWarningMessage": null,
          "CentreTag": {
            "TagContent": null,
            "TagLink": null,
            "FallbackText": null,
            "TagType": "None",
            "MultibuyData": null,
            "MemberPriceData": null,
            "FFPVMemberPriceData": null,
            "TagContentText": null,
            "DualImageTagContent": null,
            "PromotionType": "NOT_SET",
            "IsRegisteredRewardCardPromotion": false
          },
          "IsCentreTag": false,
          "ImageTag": {
            "TagContent": null,
            "TagLink": null,
            "FallbackText": "",
            "TagType": "Image",
            "MultibuyData": null,
            "MemberPriceData": null,
            "FFPVMemberPriceData": null,
            "TagContentText": null,
            "DualImageTagContent": null,
            "PromotionType": "NOT_SET",
            "IsRegisteredRewardCardPromotion": false
          },
          "HeaderTag": null,
          "HasHeaderTag": false,
          "UnitWeightInGrams": 0,
          "SupplyLimitMessage": "'Macro Lentil Bites Carrot' has a supply limit of 7. The quantity in your cart has been reduced accordingly. To purchase a larger quantity, please contact us on 1800 000 610. Please note we do not supply trade orders.",
          "SmallFormatDescription": "Macro Lentil Bites Carrot ",
          "FullDescription": "Macro Lentil Bites Carrot ",
          "IsAvailable": true,
          "InstoreIsAvailable": true,
          "IsPurchasable": true,
          "InstoreIsPurchasable": true,
          "AgeRestricted": false,
          "DisplayQuantity": 1,
          "RichDescription": null,
          "HideWasSavedPrice": false,
          "SapCategories": null,
          "Brand": "Macro",
          "IsRestrictedByDeliveryMethod": false,
          "FooterTag": {
            "TagContent": null,
            "TagLink": null,
            "FallbackText": null,
            "TagType": "None",
            "MultibuyData": null,
            "MemberPriceData": null,
            "FFPVMemberPriceData": null,
            "TagContentText": null,
            "DualImageTagContent": null,
            "PromotionType": "NOT_SET",
            "IsRegisteredRewardCardPromotion": false
          },
          "IsFooterEnabled": false,
          "Diagnostics": "12",
          "IsBundle": false,
          "IsInFamily": false,
          "ChildProducts": null,
          "UrlOverride": null,
          "AdditionalAttributes": {
            "boxedcontents": null,
            "addedvitaminsandminerals": "False",
            "sapdepartmentname": "GROCERIES",
            "spf": null,
            "haircolour": null,
            "lifestyleanddietarystatement": "Gluten Free,Low Sugar,Vegan,Vegetarian",
            "sapcategoryname": "HEALTH FOODS",
            "skintype": null,
            "importantinformation": null,
            "allergystatement": "Dairy Free,Egg Free,Fish Free,Gluten Free,Lactose Free,Soy Free,Wheat Free",
            "productdepthmm": null,
            "skincondition": null,
            "ophthalmologistapproved": null,
            "healthstarrating": "4",
            "hairtype": null,
            "fragrance-free": null,
            "sapsegmentname": "CHIPS - MULTIPACKS",
            "suitablefor": "Vegan, Vegetarian",
            "PiesProductDepartmentsjson": "[{\"Id\":\"1_717445A\",\"Description\":\"Snacks & Confectionery\"},{\"Id\":\"1_9E92C35\",\"Description\":\"Lunch Box\"},{\"Id\":\"1_9851658\",\"Description\":\"Health & Wellness\"}]",
            "piessubcategorynamesjson": "[\"Gluten Free\",\"Plant Based\",\"Kids Snacks & Lunch\",\"Chips Multi-Pack\",\"Sweet & Savoury Snacks\",\"Chips\"]",
            "sapsegmentno": "15",
            "productwidthmm": null,
            "contains": null,
            "sapsubcategoryname": "HEALTH FOOD SNACKING",
            "dermatologisttested": null,
            "wool_productpackaging": null,
            "dermatologicallyapproved": null,
            "specialsgroupid": null,
            "productimages": "694123.jpg,694123_1.jpg,694123_2.jpg,694123_3.jpg,694123_4.jpg",
            "productheightmm": null,
            "r&r_hidereviews": null,
            "microwavesafe": "False",
            "paba-free": null,
            "lifestyleclaim": "Vegan",
            "alcoholfree": null,
            "tgawarning": null,
            "activeconstituents": null,
            "microwaveable": "False",
            "soap-free": null,
            "countryoforigin": null,
            "isexcludedfromsubstitution": "False",
            "productimagecount": "5",
            "r&r_loggedinreviews": null,
            "anti-dandruff": null,
            "servingsize-total-nip": null,
            "tgahealthwarninglink": null,
            "allergenmaybepresent": null,
            "PiesProductDepartmentNodeId": "1_717445A",
            "parabenfree": "False",
            "vendorarticleid": null,
            "containsgluten": "False",
            "containsnuts": "False",
            "ingredients": "Lentil Flour (25%), Chickpea Flour (20%), Vegetable Oil, Maize Flour, Rice Flour, Potato Starch, Carrot Powder (5%), Salt",
            "colour": null,
            "manufacturer": null,
            "sapcategoryno": "46",
            "storageinstructions": null,
            "tgawarnings": null,
            "piesdepartmentnamesjson": "[\"Snacks & Confectionery\",\"Lunch Box\",\"Health & Wellness\"]",
            "brand": "macro",
            "oilfree": null,
            "fragrance": null,
            "antibacterial": "False",
            "non-comedogenic": null,
            "antiseptic": "False",
            "bpafree": "False",
            "vendorcostprice": null,
            "description": "Pip's fun facts Psst, it's me, Pip! I spy something starting with c. These lentil bites are made with 45% chickpea and lentil flour, and 5% carrot! Carrots are good for many things - like a quick snack or building snowmen! Carrot lentil bites are a cool snack to chomp on! This hip chip has a yummy secret your little one will never know! We've made it with Aussie grown lentils and chickpeas, plus a hint of carrot for that snackalicious bite with a veggie surprise.",
            "sweatresistant": null,
            "sapsubcategoryno": "6",
            "antioxidant": "False",
            "claims": null,
            "phbalanced": null,
            "wool_dietaryclaim": null,
            "ophthalmologisttested": null,
            "sulfatefree": "False",
            "piescategorynamesjson": "[\"Dietary Needs\",\"Chips\",\"Healthier Lunch Box\",\"Health Foods\",\"Snacks\"]",
            "servingsperpack-total-nip": null,
            "nutritionalinformation": "{\"Name\":\"Nutritional Information\",\"Attributes\":[{\"Id\":705,\"Name\":\"Carbohydrate Quantity Per 100g - Total - NIP\",\"Value\":\"45.70g\",\"Description\":\"Carbohydrate Quantity Per 100g - Total - NIP\",\"SortOrder\":83},{\"Id\":706,\"Name\":\"Carbohydrate Quantity Per Serve - Total - NIP\",\"Value\":\"8.20g\",\"Description\":\"Carbohydrate Quantity Per Serve - Total - NIP\",\"SortOrder\":87},{\"Id\":191,\"Name\":\"Dietary Fibre Quantity Per 100g - Total - NIP\",\"Value\":\"7.30g\",\"Description\":\"Dietary Fibre Quantity Per 100g - Total - NIP\",\"SortOrder\":175},{\"Id\":120,\"Name\":\"Dietary Fibre Quantity Per Serve - Total - NIP\",\"Value\":\"1.30g\",\"Description\":\"Dietary Fibre Quantity Per Serve - Total - NIP\",\"SortOrder\":179},{\"Id\":759,\"Name\":\"Energy kJ Quantity Per 100g - Total - NIP\",\"Value\":\"1640.00kJ\",\"Description\":\"Energy kJ Quantity Per 100g - Total - NIP\",\"SortOrder\":239},{\"Id\":760,\"Name\":\"Energy kJ Quantity Per Serve - Total - NIP\",\"Value\":\"295.00kJ\",\"Description\":\"Energy kJ Quantity Per Serve - Total - NIP\",\"SortOrder\":243},{\"Id\":253,\"Name\":\"Fat Saturated Quantity Per 100g - Total - NIP\",\"Value\":\"1.30g\",\"Description\":\"Fat Saturated Quantity Per 100g - Total - NIP\",\"SortOrder\":251},{\"Id\":258,\"Name\":\"Fat Saturated Quantity Per Serve - Total - NIP\",\"Value\":\"0.20g\",\"Description\":\"Fat Saturated Quantity Per Serve - Total - NIP\",\"SortOrder\":255},{\"Id\":764,\"Name\":\"Fat Total Quantity Per 100g - Total - NIP\",\"Value\":\"16.90g\",\"Description\":\"Fat Total Quantity Per 100g - Total - NIP\",\"SortOrder\":263},{\"Id\":166,\"Name\":\"Fat Total Quantity Per 100g - ValueWord - NIP\",\"Value\":\"16.90\",\"Description\":\"Fat Total Quantity Per 100g - ValueWord - NIP\",\"SortOrder\":264},{\"Id\":264,\"Name\":\"Fat Total Quantity Per Serve - Total - NIP\",\"Value\":\"3.00g\",\"Description\":\"Fat Total Quantity Per Serve - Total - NIP\",\"SortOrder\":267},{\"Id\":878,\"Name\":\"Protein Quantity Per 100g - Total - NIP\",\"Value\":\"10.40g\",\"Description\":\"Protein Quantity Per 100g - Total - NIP\",\"SortOrder\":587},{\"Id\":882,\"Name\":\"Protein Quantity Per Serve - Total - NIP\",\"Value\":\"1.90g\",\"Description\":\"Protein Quantity Per Serve - Total - NIP\",\"SortOrder\":591},{\"Id\":544,\"Name\":\"Servings Per Pack - Total - NIP\",\"Value\":\"6\",\"Description\":\"Servings Per Pack - Total - NIP\",\"SortOrder\":611},{\"Id\":491,\"Name\":\"Sodium Quantity Per 100g - Total - NIP\",\"Value\":\"297.00mg\",\"Description\":\"Sodium Quantity Per 100g - Total - NIP\",\"SortOrder\":623},{\"Id\":495,\"Name\":\"Sodium Quantity Per Serve - Total - NIP\",\"Value\":\"53.00mg\",\"Description\":\"Sodium Quantity Per Serve - Total - NIP\",\"SortOrder\":627},{\"Id\":908,\"Name\":\"Sugars Quantity Per 100g - SuffixUnits - NIP\",\"Value\":\"g\",\"Description\":\"Sugars Quantity Per 100g - SuffixUnits - NIP\",\"SortOrder\":646},{\"Id\":909,\"Name\":\"Sugars Quantity Per 100g - Total - NIP\",\"Value\":\"2.50g\",\"Description\":\"Sugars Quantity Per 100g - Total - NIP\",\"SortOrder\":647},{\"Id\":910,\"Name\":\"Sugars Quantity Per 100g - ValueWord - NIP\",\"Value\":\"2.50\",\"Description\":\"Sugars Quantity Per 100g - ValueWord - NIP\",\"SortOrder\":648},{\"Id\":911,\"Name\":\"Sugars Quantity Per Serve - SuffixUnits - NIP\",\"Value\":\"g\",\"Description\":\"Sugars Quantity Per Serve - SuffixUnits - NIP\",\"SortOrder\":650},{\"Id\":912,\"Name\":\"Sugars Quantity Per Serve - Total - NIP\",\"Value\":\"0.40g\",\"Description\":\"Sugars Quantity Per Serve - Total - NIP\",\"SortOrder\":651},{\"Id\":572,\"Name\":\"Sugars Quantity Per Serve - ValueWord - NIP\",\"Value\":\"0.40\",\"Description\":\"Sugars Quantity Per Serve - ValueWord - NIP\",\"SortOrder\":652}]}",
            "ovencook": "False",
            "vegetarian": "False",
            "hypo-allergenic": null,
            "timer": null,
            "dermatologistrecommended": null,
            "sapdepartmentno": "5",
            "allergencontains": null,
            "waterresistant": null,
            "friendlydisclaimer": null,
            "recyclableinformation": null,
            "usageinstructions": null,
            "freezable": "False"
          },
          "DetailsImagePaths": [
            "https://cdn0.woolworths.media/content/wowproductimages/large/694123.jpg"
          ],
          "Variety": null,
          "Rating": {
            "ReviewCount": 0,
            "RatingCount": 0,
            "RatingSum": 0,
            "OneStarCount": 0,
            "TwoStarCount": 0,
            "ThreeStarCount": 0,
            "FourStarCount": 0,
            "FiveStarCount": 0,
            "Average": 0,
            "OneStarPercentage": 0,
            "TwoStarPercentage": 0,
            "ThreeStarPercentage": 0,
            "FourStarPercentage": 0,
            "FiveStarPercentage": 0
          },
          "HasProductSubs": false,
          "IsSponsoredAd": false,
          "AdID": null,
          "AdIndex": null,
          "AdStatus": null,
          "IsMarketProduct": false,
          "IsGiftable": false,
          "Vendor": null,
          "Untraceable": false,
          "ThirdPartyProductInfo": null,
          "MarketFeatures": null,
          "MarketSpecifications": null,
          "SupplyLimitSource": "StockQuantity",
          "Tags": null,
          "IsPersonalisedByPurchaseHistory": false,
          "IsFromFacetedSearch": false,
          "NextAvailabilityDate": "2026-01-26T00:00:00.0000000Z",
          "NumberOfSubstitutes": 0,
          "IsPrimaryVariant": false,
          "VariantGroupId": 0,
          "HasVariants": false,
          "VariantTitle": null,
          "IsTobacco": false,
          "IsFreeShipping": null,
          "FulfilmentStoreId": 1101,
          "B2BExtendedRange": null,
          "OfferId": null,
          "BundleProductGroups": null
        }
      ],
      "Name": "Macro Lentil Bites Carrot",
      "DisplayName": "Macro Lentil Bites Carrot 6 pack"
    },
    {
      "Products": [
        {
          "TileID": 14,
          "Stockcode": 409952,
          "Barcode": "9339687359882",
          "GtinFormat": 13,
          "CupPrice": 9,
          "InstoreCupPrice": 9,
          "CupMeasure": "1KG",
          "CupString": "$9.00 / 1KG",
          "InstoreCupString": "$9.00 / 1KG",
          "HasCupPrice": true,
          "InstoreHasCupPrice": true,
          "Price": 6.75,
          "IncrementalPrice": null,
          "IncrementalWasPrice": null,
          "IncrementalMinimumQuantity": null,
          "IncrementalMinimumQuantityUnit": "g",
          "PricePerKGLabel": "Price per Kg charged",
          "MinWeightPrice": null,
          "MaxWeightPrice": null,
          "InstorePrice": 6.75,
          "Name": "Woolworths Washed & Ready To Cook Carrot Broccoli & Cauliflower Mix",
          "DisplayName": "Woolworths Washed & Ready To Cook Carrot Broccoli & Cauliflower Mix 750g",
          "UrlFriendlyName": "woolworths-washed-ready-to-cook-carrot-broccoli-cauliflower-mix",
          "Description": " Woolworths Washed & Ready To<br>Cook Carrot... 750g",
          "SmallImageFile": "https://cdn0.woolworths.media/content/wowproductimages/small/409952.jpg",
          "MediumImageFile": "https://cdn0.woolworths.media/content/wowproductimages/medium/409952.jpg",
          "LargeImageFile": "https://cdn0.woolworths.media/content/wowproductimages/large/409952.jpg",
          "IsNew": false,
          "IsHalfPrice": false,
          "IsOnlineOnly": false,
          "IsOnSpecial": false,
          "InstoreIsOnSpecial": false,
          "IsEdrSpecial": false,
          "SavingsAmount": 0.0,
          "InstoreSavingsAmount": 0.0,
          "WasPrice": 6.75,
          "InstoreWasPrice": 6.75,
          "QuantityInTrolley": 0,
          "Unit": "Each",
          "MinimumQuantity": 1,
          "HasBeenBoughtBefore": false,
          "IsInTrolley": false,
          "Source": "SearchServiceSearchProducts",
          "SupplyLimit": 8,
          "ProductLimit": 36,
          "MaxSupplyLimitMessage": "8 item(s) left",
          "IsRanged": true,
          "IsInStock": true,
          "PackageSize": "750g",
          "IsPmDelivery": false,
          "IsForCollection": true,
          "IsForDelivery": true,
          "IsForExpress": true,
          "ProductRestrictionMessage": null,
          "ProductWarningMessage": null,
          "CentreTag": {
            "TagContent": null,
            "TagLink": null,
            "FallbackText": null,
            "TagType": "None",
            "MultibuyData": null,
            "MemberPriceData": null,
            "FFPVMemberPriceData": null,
            "TagContentText": null,
            "DualImageTagContent": null,
            "PromotionType": "NOT_SET",
            "IsRegisteredRewardCardPromotion": false
          },
          "IsCentreTag": false,
          "ImageTag": {
            "TagContent": "/content/promotiontags/australian-grown-roundel-200x200.png",
            "TagLink": null,
            "FallbackText": "Australian Grown",
            "TagType": "Image",
            "MultibuyData": null,
            "MemberPriceData": null,
            "FFPVMemberPriceData": null,
            "TagContentText": null,
            "DualImageTagContent": null,
            "PromotionType": "NOT_SET",
            "IsRegisteredRewardCardPromotion": false
          },
          "HeaderTag": null,
          "HasHeaderTag": false,
          "UnitWeightInGrams": 0,
          "SupplyLimitMessage": "'Woolworths Washed & Ready To Cook Carrot Broccoli & Cauliflower Mix' has a supply limit of 8. The quantity in your cart has been reduced accordingly. To purchase a larger quantity, please contact us on 1800 000 610. Please note we do not supply trade orders.",
          "SmallFormatDescription": "Woolworths Washed & Ready To Cook Carrot Broccoli & Cauliflower Mix",
          "FullDescription": "Woolworths Washed & Ready To Cook Carrot Broccoli & Cauliflower Mix",
          "IsAvailable": true,
          "InstoreIsAvailable": true,
          "IsPurchasable": true,
          "InstoreIsPurchasable": true,
          "AgeRestricted": false,
          "DisplayQuantity": 1,
          "RichDescription": null,
          "HideWasSavedPrice": false,
          "SapCategories": null,
          "Brand": "Woolworths",
          "IsRestrictedByDeliveryMethod": false,
          "FooterTag": {
            "TagContent": null,
            "TagLink": null,
            "FallbackText": null,
            "TagType": "None",
            "MultibuyData": null,
            "MemberPriceData": null,
            "FFPVMemberPriceData": null,
            "TagContentText": null,
            "DualImageTagContent": null,
            "PromotionType": "NOT_SET",
            "IsRegisteredRewardCardPromotion": false
          },
          "IsFooterEnabled": false,
          "Diagnostics": "13",
          "IsBundle": false,
          "IsInFamily": false,
          "ChildProducts": null,
          "UrlOverride": null,
          "AdditionalAttributes": {
            "boxedcontents": null,
            "addedvitaminsandminerals": "False",
            "sapdepartmentname": "FRUIT AND VEG",
            "spf": null,
            "haircolour": null,
            "lifestyleanddietarystatement": "Gluten Free,Low Fat,Low Salt,Low Sugar,Vegan,Vegetarian",
            "sapcategoryname": "VEG / FRESHCUTS / HARD PRODUCE",
            "skintype": null,
            "importantinformation": null,
            "allergystatement": "Dairy Free,Egg Free,Fish Free,Gluten Free,Lactose Free,Soy Free,Wheat Free",
            "productdepthmm": null,
            "skincondition": null,
            "ophthalmologistapproved": null,
            "healthstarrating": "5",
            "hairtype": null,
            "fragrance-free": null,
            "sapsegmentname": "CUT VEG",
            "suitablefor": null,
            "PiesProductDepartmentsjson": "[{\"Id\":\"1-E5BEE36E\",\"Description\":\"Fruit & Veg\"},{\"Id\":\"1_8AD6702\",\"Description\":\"Dinner\"}]",
            "piessubcategorynamesjson": "[\"Washed & Cut Vegetables\",\"Prepacked Vegetables\",\"Cut Veg\"]",
            "sapsegmentno": "64",
            "productwidthmm": null,
            "contains": null,
            "sapsubcategoryname": "VALUE ADD VEG",
            "dermatologisttested": null,
            "wool_productpackaging": null,
            "dermatologicallyapproved": null,
            "specialsgroupid": null,
            "productimages": "409952.jpg,409952_2.jpg",
            "productheightmm": null,
            "r&r_hidereviews": null,
            "microwavesafe": "False",
            "paba-free": null,
            "lifestyleclaim": null,
            "alcoholfree": null,
            "tgawarning": null,
            "activeconstituents": null,
            "microwaveable": "False",
            "soap-free": null,
            "countryoforigin": null,
            "isexcludedfromsubstitution": "False",
            "productimagecount": "2",
            "r&r_loggedinreviews": null,
            "anti-dandruff": null,
            "servingsize-total-nip": null,
            "tgahealthwarninglink": null,
            "allergenmaybepresent": null,
            "PiesProductDepartmentNodeId": "1-E5BEE36E",
            "parabenfree": "False",
            "vendorarticleid": null,
            "containsgluten": "False",
            "containsnuts": "False",
            "ingredients": "Carrot, Broccoli, Cauliflower",
            "colour": null,
            "manufacturer": null,
            "sapcategoryno": "63",
            "storageinstructions": "Keep Refrigerated",
            "tgawarnings": null,
            "piesdepartmentnamesjson": "[\"Fruit & Veg\",\"Dinner\"]",
            "brand": "woolworths",
            "oilfree": null,
            "fragrance": null,
            "antibacterial": "False",
            "non-comedogenic": null,
            "antiseptic": "False",
            "bpafree": "False",
            "vendorcostprice": null,
            "description": "Veg a day (1) (1) One serve of vegetables is approximately 75g. Australian Dietary Guidelines recommend 5 serves of vegetables per day.",
            "sweatresistant": null,
            "sapsubcategoryno": "998",
            "antioxidant": "False",
            "claims": null,
            "phbalanced": null,
            "wool_dietaryclaim": null,
            "ophthalmologisttested": null,
            "sulfatefree": "False",
            "piescategorynamesjson": "[\"Sides & Starters\",\"Vegetables\",\"Prepared Vegetables\"]",
            "servingsperpack-total-nip": null,
            "nutritionalinformation": "{\"Name\":\"Nutritional Information\",\"Attributes\":[{\"Id\":705,\"Name\":\"Carbohydrate Quantity Per 100g - Total - NIP\",\"Value\":\"2.70g\",\"Description\":\"Carbohydrate Quantity Per 100g - Total - NIP\",\"SortOrder\":83},{\"Id\":706,\"Name\":\"Carbohydrate Quantity Per Serve - Total - NIP\",\"Value\":\"2.00g\",\"Description\":\"Carbohydrate Quantity Per Serve - Total - NIP\",\"SortOrder\":87},{\"Id\":759,\"Name\":\"Energy kJ Quantity Per 100g - Total - NIP\",\"Value\":\"92.00kJ\",\"Description\":\"Energy kJ Quantity Per 100g - Total - NIP\",\"SortOrder\":239},{\"Id\":760,\"Name\":\"Energy kJ Quantity Per Serve - Total - NIP\",\"Value\":\"69.00kJ\",\"Description\":\"Energy kJ Quantity Per Serve - Total - NIP\",\"SortOrder\":243},{\"Id\":253,\"Name\":\"Fat Saturated Quantity Per 100g - Total - NIP\",\"Value\":\"1.00g\",\"Description\":\"Fat Saturated Quantity Per 100g - Total - NIP\",\"SortOrder\":251},{\"Id\":258,\"Name\":\"Fat Saturated Quantity Per Serve - Total - NIP\",\"Value\":\"0.80g\",\"Description\":\"Fat Saturated Quantity Per Serve - Total - NIP\",\"SortOrder\":255},{\"Id\":764,\"Name\":\"Fat Total Quantity Per 100g - Total - NIP\",\"Value\":\"1.00g\",\"Description\":\"Fat Total Quantity Per 100g - Total - NIP\",\"SortOrder\":263},{\"Id\":166,\"Name\":\"Fat Total Quantity Per 100g - ValueWord - NIP\",\"Value\":\"1.00\",\"Description\":\"Fat Total Quantity Per 100g - ValueWord - NIP\",\"SortOrder\":264},{\"Id\":264,\"Name\":\"Fat Total Quantity Per Serve - Total - NIP\",\"Value\":\"0.80g\",\"Description\":\"Fat Total Quantity Per Serve - Total - NIP\",\"SortOrder\":267},{\"Id\":878,\"Name\":\"Protein Quantity Per 100g - Total - NIP\",\"Value\":\"2.30g\",\"Description\":\"Protein Quantity Per 100g - Total - NIP\",\"SortOrder\":587},{\"Id\":882,\"Name\":\"Protein Quantity Per Serve - Total - NIP\",\"Value\":\"1.70g\",\"Description\":\"Protein Quantity Per Serve - Total - NIP\",\"SortOrder\":591},{\"Id\":491,\"Name\":\"Sodium Quantity Per 100g - Total - NIP\",\"Value\":\"32.00mg\",\"Description\":\"Sodium Quantity Per 100g - Total - NIP\",\"SortOrder\":623},{\"Id\":495,\"Name\":\"Sodium Quantity Per Serve - Total - NIP\",\"Value\":\"24.00mg\",\"Description\":\"Sodium Quantity Per Serve - Total - NIP\",\"SortOrder\":627},{\"Id\":908,\"Name\":\"Sugars Quantity Per 100g - SuffixUnits - NIP\",\"Value\":\"g\",\"Description\":\"Sugars Quantity Per 100g - SuffixUnits - NIP\",\"SortOrder\":646},{\"Id\":909,\"Name\":\"Sugars Quantity Per 100g - Total - NIP\",\"Value\":\"2.70g\",\"Description\":\"Sugars Quantity Per 100g - Total - NIP\",\"SortOrder\":647},{\"Id\":910,\"Name\":\"Sugars Quantity Per 100g - ValueWord - NIP\",\"Value\":\"2.70\",\"Description\":\"Sugars Quantity Per 100g - ValueWord - NIP\",\"SortOrder\":648},{\"Id\":911,\"Name\":\"Sugars Quantity Per Serve - SuffixUnits - NIP\",\"Value\":\"g\",\"Description\":\"Sugars Quantity Per Serve - SuffixUnits - NIP\",\"SortOrder\":650},{\"Id\":912,\"Name\":\"Sugars Quantity Per Serve - Total - NIP\",\"Value\":\"2.00g\",\"Description\":\"Sugars Quantity Per Serve - Total - NIP\",\"SortOrder\":651},{\"Id\":572,\"Name\":\"Sugars Quantity Per Serve - ValueWord - NIP\",\"Value\":\"2.00\",\"Description\":\"Sugars Quantity Per Serve - ValueWord - NIP\",\"SortOrder\":652}]}",
            "ovencook": "False",
            "vegetarian": "False",
            "hypo-allergenic": null,
            "timer": null,
            "dermatologistrecommended": null,
            "sapdepartmentno": "30",
            "allergencontains": null,
            "waterresistant": null,
            "friendlydisclaimer": null,
            "recyclableinformation": null,
            "usageinstructions": null,
            "freezable": "False"
          },
          "DetailsImagePaths": [
            "https://cdn0.woolworths.media/content/wowproductimages/large/409952.jpg"
          ],
          "Variety": "Broccoli & Cauliflower Mix",
          "Rating": {
            "ReviewCount": 0,
            "RatingCount": 0,
            "RatingSum": 0,
            "OneStarCount": 0,
            "TwoStarCount": 0,
            "ThreeStarCount": 0,
            "FourStarCount": 0,
            "FiveStarCount": 0,
            "Average": 0,
            "OneStarPercentage": 0,
            "TwoStarPercentage": 0,
            "ThreeStarPercentage": 0,
            "FourStarPercentage": 0,
            "FiveStarPercentage": 0
          },
          "HasProductSubs": false,
          "IsSponsoredAd": false,
          "AdID": null,
          "AdIndex": null,
          "AdStatus": null,
          "IsMarketProduct": false,
          "IsGiftable": false,
          "Vendor": null,
          "Untraceable": false,
          "ThirdPartyProductInfo": null,
          "MarketFeatures": null,
          "MarketSpecifications": null,
          "SupplyLimitSource": "StockQuantity",
          "Tags": [
            {
              "Content": {
                "Type": "Roundel",
                "Position": "Top",
                "Attributes": {
                  "ImagePath": "/content/promotiontags/australian-grown-roundel-200x200.png",
                  "FallbackText": "Australian Grown"
                },
                "FFPVAttributes": null
              },
              "TemplateId": null,
              "Metadata": null
            }
          ],
          "IsPersonalisedByPurchaseHistory": false,
          "IsFromFacetedSearch": false,
          "NextAvailabilityDate": "2026-01-26T00:00:00.0000000Z",
          "NumberOfSubstitutes": 0,
          "IsPrimaryVariant": false,
          "VariantGroupId": 0,
          "HasVariants": false,
          "VariantTitle": null,
          "IsTobacco": false,
          "IsFreeShipping": null,
          "FulfilmentStoreId": 1101,
          "B2BExtendedRange": null,
          "OfferId": null,
          "BundleProductGroups": null
        }
      ],
      "Name": "Woolworths Washed & Ready To Cook Carrot Broccoli & Cauliflower Mix",
      "DisplayName": "Woolworths Washed & Ready To Cook Carrot Broccoli & Cauliflower Mix 750g"
    },
    {
      "Products": [
        {
          "TileID": 15,
          "Stockcode": 583617,
          "Barcode": "9300633636586",
          "GtinFormat": 13,
          "CupPrice": 25,
          "InstoreCupPrice": 25,
          "CupMeasure": "1KG",
          "CupString": "$25.00 / 1KG",
          "InstoreCupString": "$25.00 / 1KG",
          "HasCupPrice": true,
          "InstoreHasCupPrice": true,
          "Price": 5,
          "IncrementalPrice": null,
          "IncrementalWasPrice": null,
          "IncrementalMinimumQuantity": null,
          "IncrementalMinimumQuantityUnit": "g",
          "PricePerKGLabel": "Price per Kg charged",
          "MinWeightPrice": null,
          "MaxWeightPrice": null,
          "InstorePrice": 5,
          "Name": "Woolworths Carrots, Broccoli & Cauliflower With Herb Butter",
          "DisplayName": "Woolworths Carrots, Broccoli & Cauliflower With Herb Butter 200g",
          "UrlFriendlyName": "woolworths-carrots-broccoli-cauliflower-with-herb-butter",
          "Description": " Woolworths Carrots, Broccoli<br>& Cauliflower With... 200g",
          "SmallImageFile": "https://cdn0.woolworths.media/content/wowproductimages/small/583617.jpg",
          "MediumImageFile": "https://cdn0.woolworths.media/content/wowproductimages/medium/583617.jpg",
          "LargeImageFile": "https://cdn0.woolworths.media/content/wowproductimages/large/583617.jpg",
          "IsNew": false,
          "IsHalfPrice": false,
          "IsOnlineOnly": false,
          "IsOnSpecial": false,
          "InstoreIsOnSpecial": false,
          "IsEdrSpecial": false,
          "SavingsAmount": 0,
          "InstoreSavingsAmount": 0,
          "WasPrice": 5,
          "InstoreWasPrice": 5,
          "QuantityInTrolley": 0,
          "Unit": "Each",
          "MinimumQuantity": 1,
          "HasBeenBoughtBefore": false,
          "IsInTrolley": false,
          "Source": "SearchServiceSearchProducts",
          "SupplyLimit": 14,
          "ProductLimit": 36,
          "MaxSupplyLimitMessage": "14 item(s) left",
          "IsRanged": true,
          "IsInStock": true,
          "PackageSize": "200g",
          "IsPmDelivery": false,
          "IsForCollection": true,
          "IsForDelivery": true,
          "IsForExpress": true,
          "ProductRestrictionMessage": null,
          "ProductWarningMessage": null,
          "CentreTag": {
            "TagContent": null,
            "TagLink": null,
            "FallbackText": null,
            "TagType": "None",
            "MultibuyData": null,
            "MemberPriceData": null,
            "FFPVMemberPriceData": null,
            "TagContentText": null,
            "DualImageTagContent": null,
            "PromotionType": "NOT_SET",
            "IsRegisteredRewardCardPromotion": false
          },
          "IsCentreTag": false,
          "ImageTag": {
            "TagContent": null,
            "TagLink": null,
            "FallbackText": "",
            "TagType": "Image",
            "MultibuyData": null,
            "MemberPriceData": null,
            "FFPVMemberPriceData": null,
            "TagContentText": null,
            "DualImageTagContent": null,
            "PromotionType": "NOT_SET",
            "IsRegisteredRewardCardPromotion": false
          },
          "HeaderTag": null,
          "HasHeaderTag": false,
          "UnitWeightInGrams": 0,
          "SupplyLimitMessage": "'Woolworths Carrots, Broccoli & Cauliflower With Herb Butter' has a supply limit of 14. The quantity in your cart has been reduced accordingly. To purchase a larger quantity, please contact us on 1800 000 610. Please note we do not supply trade orders.",
          "SmallFormatDescription": "Woolworths Carrots, Broccoli & Cauliflower With Herb Butter",
          "FullDescription": "Woolworths Carrots, Broccoli & Cauliflower With Herb Butter",
          "IsAvailable": true,
          "InstoreIsAvailable": true,
          "IsPurchasable": true,
          "InstoreIsPurchasable": true,
          "AgeRestricted": false,
          "DisplayQuantity": 1,
          "RichDescription": null,
          "HideWasSavedPrice": false,
          "SapCategories": null,
          "Brand": "Woolworths",
          "IsRestrictedByDeliveryMethod": false,
          "FooterTag": {
            "TagContent": null,
            "TagLink": null,
            "FallbackText": null,
            "TagType": "None",
            "MultibuyData": null,
            "MemberPriceData": null,
            "FFPVMemberPriceData": null,
            "TagContentText": null,
            "DualImageTagContent": null,
            "PromotionType": "NOT_SET",
            "IsRegisteredRewardCardPromotion": false
          },
          "IsFooterEnabled": false,
          "Diagnostics": "14",
          "IsBundle": false,
          "IsInFamily": false,
          "ChildProducts": null,
          "UrlOverride": null,
          "AdditionalAttributes": {
            "boxedcontents": null,
            "addedvitaminsandminerals": "False",
            "sapdepartmentname": "FRUIT AND VEG",
            "spf": null,
            "haircolour": null,
            "lifestyleanddietarystatement": "Gluten Free,Low Salt,Low Sugar,Source of Fibre,Vegetarian",
            "sapcategoryname": "VEG / FRESHCUTS / HARD PRODUCE",
            "skintype": null,
            "importantinformation": null,
            "allergystatement": "Egg Free,Fish Free,Gluten Free,No Artificial Colours or Flavours,Soy Free,Wheat Free",
            "productdepthmm": null,
            "skincondition": null,
            "ophthalmologistapproved": null,
            "healthstarrating": "4.5",
            "hairtype": null,
            "fragrance-free": null,
            "sapsegmentname": "EASY SIDES - MICROWAVE",
            "suitablefor": null,
            "PiesProductDepartmentsjson": "[{\"Id\":\"1_6E4F4E4\",\"Description\":\"Dairy, Eggs & Fridge\"},{\"Id\":\"1-E5BEE36E\",\"Description\":\"Fruit & Veg\"},{\"Id\":\"1_8AD6702\",\"Description\":\"Dinner\"}]",
            "piessubcategorynamesjson": "[\"Single Meals\",\"Prepacked Vegetables\",\"Washed & Cut Vegetables\",\"Microwave Ready Sides\",\"Entertaining Sides\"]",
            "sapsegmentno": "4",
            "productwidthmm": null,
            "contains": null,
            "sapsubcategoryname": "VALUE ADD VEG",
            "dermatologisttested": null,
            "wool_productpackaging": null,
            "dermatologicallyapproved": null,
            "specialsgroupid": null,
            "productimages": "583617.jpg,583617_6.jpg",
            "productheightmm": null,
            "r&r_hidereviews": null,
            "microwavesafe": "False",
            "paba-free": null,
            "lifestyleclaim": null,
            "alcoholfree": null,
            "tgawarning": null,
            "activeconstituents": null,
            "microwaveable": "False",
            "soap-free": null,
            "countryoforigin": null,
            "isexcludedfromsubstitution": "False",
            "productimagecount": "2",
            "r&r_loggedinreviews": null,
            "anti-dandruff": null,
            "servingsize-total-nip": null,
            "tgahealthwarninglink": null,
            "allergenmaybepresent": null,
            "PiesProductDepartmentNodeId": "1_6E4F4E4",
            "parabenfree": "False",
            "vendorarticleid": null,
            "containsgluten": "False",
            "containsnuts": "False",
            "ingredients": "Carrot (35%), Broccoli (30%), Cauliflower (30%), Herb Butter (5%) (Butter (Milk), Water, Thickener (1414), Herbs (Parsley, Basil), Onion Powder, Pepper), Ingredients and percentages may vary due to seasonal and processing variability",
            "colour": null,
            "manufacturer": null,
            "sapcategoryno": "63",
            "storageinstructions": "Keep Refrigerated",
            "tgawarnings": null,
            "piesdepartmentnamesjson": "[\"Dairy, Eggs & Fridge\",\"Fruit & Veg\",\"Dinner\"]",
            "brand": "woolworths",
            "oilfree": null,
            "fragrance": null,
            "antibacterial": "False",
            "non-comedogenic": null,
            "antiseptic": "False",
            "bpafree": "False",
            "vendorcostprice": null,
            "description": "One serve of vegetables is approximately 75g. Australian Dietary Guidelines recommend 5 serves of vegetables per day.",
            "sweatresistant": null,
            "sapsubcategoryno": "998",
            "antioxidant": "False",
            "claims": null,
            "phbalanced": null,
            "wool_dietaryclaim": null,
            "ophthalmologisttested": null,
            "sulfatefree": "False",
            "piescategorynamesjson": "[\"Microwave Meals\",\"Vegetables\",\"Sides & Starters\",\"Prepared Vegetables\"]",
            "servingsperpack-total-nip": null,
            "nutritionalinformation": "{\"Name\":\"Nutritional Information\",\"Attributes\":[{\"Id\":705,\"Name\":\"Carbohydrate Quantity Per 100g - Total - NIP\",\"Value\":\"2.7g\",\"Description\":\"Carbohydrate Quantity Per 100g - Total - NIP\",\"SortOrder\":83},{\"Id\":706,\"Name\":\"Carbohydrate Quantity Per Serve - Total - NIP\",\"Value\":\"2.7g\",\"Description\":\"Carbohydrate Quantity Per Serve - Total - NIP\",\"SortOrder\":87},{\"Id\":191,\"Name\":\"Dietary Fibre Quantity Per 100g - Total - NIP\",\"Value\":\"2.7g\",\"Description\":\"Dietary Fibre Quantity Per 100g - Total - NIP\",\"SortOrder\":175},{\"Id\":120,\"Name\":\"Dietary Fibre Quantity Per Serve - Total - NIP\",\"Value\":\"2.7g\",\"Description\":\"Dietary Fibre Quantity Per Serve - Total - NIP\",\"SortOrder\":179},{\"Id\":759,\"Name\":\"Energy kJ Quantity Per 100g - Total - NIP\",\"Value\":\"247.0kJ\",\"Description\":\"Energy kJ Quantity Per 100g - Total - NIP\",\"SortOrder\":239},{\"Id\":760,\"Name\":\"Energy kJ Quantity Per Serve - Total - NIP\",\"Value\":\"247.0kJ\",\"Description\":\"Energy kJ Quantity Per Serve - Total - NIP\",\"SortOrder\":243},{\"Id\":253,\"Name\":\"Fat Saturated Quantity Per 100g - Total - NIP\",\"Value\":\"2.4g\",\"Description\":\"Fat Saturated Quantity Per 100g - Total - NIP\",\"SortOrder\":251},{\"Id\":258,\"Name\":\"Fat Saturated Quantity Per Serve - Total - NIP\",\"Value\":\"2.4g\",\"Description\":\"Fat Saturated Quantity Per Serve - Total - NIP\",\"SortOrder\":255},{\"Id\":764,\"Name\":\"Fat Total Quantity Per 100g - Total - NIP\",\"Value\":\"3.8g\",\"Description\":\"Fat Total Quantity Per 100g - Total - NIP\",\"SortOrder\":263},{\"Id\":166,\"Name\":\"Fat Total Quantity Per 100g - ValueWord - NIP\",\"Value\":\"3.8\",\"Description\":\"Fat Total Quantity Per 100g - ValueWord - NIP\",\"SortOrder\":264},{\"Id\":264,\"Name\":\"Fat Total Quantity Per Serve - Total - NIP\",\"Value\":\"3.8g\",\"Description\":\"Fat Total Quantity Per Serve - Total - NIP\",\"SortOrder\":267},{\"Id\":834,\"Name\":\"Monounsaturated Quantity Per Serve - Total - NIP\",\"Value\":\"4.34g\",\"Description\":\"Monounsaturated Quantity Per Serve - Total - NIP\",\"SortOrder\":483},{\"Id\":435,\"Name\":\"Polyunsaturated Quantity Per Serve - Total - NIP\",\"Value\":\"0.53g\",\"Description\":\"Polyunsaturated Quantity Per Serve - Total - NIP\",\"SortOrder\":567},{\"Id\":493,\"Name\":\"Potassium Quantity Per Serve - Total - NIP\",\"Value\":\"312mg\",\"Description\":\"Potassium Quantity Per Serve - Total - NIP\",\"SortOrder\":579},{\"Id\":878,\"Name\":\"Protein Quantity Per 100g - Total - NIP\",\"Value\":\"2.3g\",\"Description\":\"Protein Quantity Per 100g - Total - NIP\",\"SortOrder\":587},{\"Id\":882,\"Name\":\"Protein Quantity Per Serve - Total - NIP\",\"Value\":\"2.3g\",\"Description\":\"Protein Quantity Per Serve - Total - NIP\",\"SortOrder\":591},{\"Id\":477,\"Name\":\"Serving Size - Total - NIP\",\"Value\":\"100.0 G\",\"Description\":\"Serving Size - Total - NIP\",\"SortOrder\":607},{\"Id\":544,\"Name\":\"Servings Per Pack - Total - NIP\",\"Value\":\"2.0\",\"Description\":\"Servings Per Pack - Total - NIP\",\"SortOrder\":611},{\"Id\":491,\"Name\":\"Sodium Quantity Per 100g - Total - NIP\",\"Value\":\"57.0mg\",\"Description\":\"Sodium Quantity Per 100g - Total - NIP\",\"SortOrder\":623},{\"Id\":495,\"Name\":\"Sodium Quantity Per Serve - Total - NIP\",\"Value\":\"57.0mg\",\"Description\":\"Sodium Quantity Per Serve - Total - NIP\",\"SortOrder\":627},{\"Id\":908,\"Name\":\"Sugars Quantity Per 100g - SuffixUnits - NIP\",\"Value\":\"g\",\"Description\":\"Sugars Quantity Per 100g - SuffixUnits - NIP\",\"SortOrder\":646},{\"Id\":909,\"Name\":\"Sugars Quantity Per 100g - Total - NIP\",\"Value\":\"2.5g\",\"Description\":\"Sugars Quantity Per 100g - Total - NIP\",\"SortOrder\":647},{\"Id\":910,\"Name\":\"Sugars Quantity Per 100g - ValueWord - NIP\",\"Value\":\"2.5\",\"Description\":\"Sugars Quantity Per 100g - ValueWord - NIP\",\"SortOrder\":648},{\"Id\":911,\"Name\":\"Sugars Quantity Per Serve - SuffixUnits - NIP\",\"Value\":\"g\",\"Description\":\"Sugars Quantity Per Serve - SuffixUnits - NIP\",\"SortOrder\":650},{\"Id\":912,\"Name\":\"Sugars Quantity Per Serve - Total - NIP\",\"Value\":\"2.5g\",\"Description\":\"Sugars Quantity Per Serve - Total - NIP\",\"SortOrder\":651},{\"Id\":572,\"Name\":\"Sugars Quantity Per Serve - ValueWord - NIP\",\"Value\":\"2.5\",\"Description\":\"Sugars Quantity Per Serve - ValueWord - NIP\",\"SortOrder\":652}]}",
            "ovencook": "False",
            "vegetarian": "False",
            "hypo-allergenic": null,
            "timer": null,
            "dermatologistrecommended": null,
            "sapdepartmentno": "30",
            "allergencontains": "Milk",
            "waterresistant": null,
            "friendlydisclaimer": null,
            "recyclableinformation": null,
            "usageinstructions": null,
            "freezable": "False"
          },
          "DetailsImagePaths": [
            "https://cdn0.woolworths.media/content/wowproductimages/large/583617.jpg"
          ],
          "Variety": "Cauliflower With Herb Butter",
          "Rating": {
            "ReviewCount": 0,
            "RatingCount": 0,
            "RatingSum": 0,
            "OneStarCount": 0,
            "TwoStarCount": 0,
            "ThreeStarCount": 0,
            "FourStarCount": 0,
            "FiveStarCount": 0,
            "Average": 0,
            "OneStarPercentage": 0,
            "TwoStarPercentage": 0,
            "ThreeStarPercentage": 0,
            "FourStarPercentage": 0,
            "FiveStarPercentage": 0
          },
          "HasProductSubs": false,
          "IsSponsoredAd": false,
          "AdID": null,
          "AdIndex": null,
          "AdStatus": null,
          "IsMarketProduct": false,
          "IsGiftable": false,
          "Vendor": null,
          "Untraceable": false,
          "ThirdPartyProductInfo": null,
          "MarketFeatures": null,
          "MarketSpecifications": null,
          "SupplyLimitSource": "StockQuantity",
          "Tags": null,
          "IsPersonalisedByPurchaseHistory": false,
          "IsFromFacetedSearch": false,
          "NextAvailabilityDate": "2026-01-26T00:00:00.0000000Z",
          "NumberOfSubstitutes": 0,
          "IsPrimaryVariant": false,
          "VariantGroupId": 0,
          "HasVariants": false,
          "VariantTitle": null,
          "IsTobacco": false,
          "IsFreeShipping": null,
          "FulfilmentStoreId": 1101,
          "B2BExtendedRange": null,
          "OfferId": null,
          "BundleProductGroups": null
        }
      ],
      "Name": "Woolworths Carrots, Broccoli & Cauliflower With Herb Butter",
      "DisplayName": "Woolworths Carrots, Broccoli & Cauliflower With Herb Butter 200g"
    },
    {
      "Products": [
        {
          "TileID": 16,
          "Stockcode": 79928,
          "Barcode": "9339687154753",
          "GtinFormat": 13,
          "CupPrice": 14.29,
          "InstoreCupPrice": 14.29,
          "CupMeasure": "1KG",
          "CupString": "$14.29 / 1KG",
          "InstoreCupString": "$14.29 / 1KG",
          "HasCupPrice": true,
          "InstoreHasCupPrice": true,
          "Price": 5,
          "IncrementalPrice": null,
          "IncrementalWasPrice": null,
          "IncrementalMinimumQuantity": null,
          "IncrementalMinimumQuantityUnit": "g",
          "PricePerKGLabel": "Price per Kg charged",
          "MinWeightPrice": null,
          "MaxWeightPrice": null,
          "InstorePrice": 5,
          "Name": "Woolworths Carrot, Corn & Beans",
          "DisplayName": "Woolworths Carrot, Corn & Beans 350g",
          "UrlFriendlyName": "woolworths-carrot-corn-beans",
          "Description": " Woolworths Carrot, Corn &<br>Beans  350g",
          "SmallImageFile": "https://cdn0.woolworths.media/content/wowproductimages/small/079928.jpg",
          "MediumImageFile": "https://cdn0.woolworths.media/content/wowproductimages/medium/079928.jpg",
          "LargeImageFile": "https://cdn0.woolworths.media/content/wowproductimages/large/079928.jpg",
          "IsNew": false,
          "IsHalfPrice": false,
          "IsOnlineOnly": false,
          "IsOnSpecial": false,
          "InstoreIsOnSpecial": false,
          "IsEdrSpecial": false,
          "SavingsAmount": 0,
          "InstoreSavingsAmount": 0,
          "WasPrice": 5,
          "InstoreWasPrice": 5,
          "QuantityInTrolley": 0,
          "Unit": "Each",
          "MinimumQuantity": 1,
          "HasBeenBoughtBefore": false,
          "IsInTrolley": false,
          "Source": "SearchServiceSearchProducts",
          "SupplyLimit": 6,
          "ProductLimit": 36,
          "MaxSupplyLimitMessage": "6 item(s) left",
          "IsRanged": true,
          "IsInStock": true,
          "PackageSize": "350g",
          "IsPmDelivery": false,
          "IsForCollection": true,
          "IsForDelivery": true,
          "IsForExpress": true,
          "ProductRestrictionMessage": null,
          "ProductWarningMessage": null,
          "CentreTag": {
            "TagContent": null,
            "TagLink": null,
            "FallbackText": null,
            "TagType": "None",
            "MultibuyData": null,
            "MemberPriceData": null,
            "FFPVMemberPriceData": null,
            "TagContentText": null,
            "DualImageTagContent": null,
            "PromotionType": "NOT_SET",
            "IsRegisteredRewardCardPromotion": false
          },
          "IsCentreTag": false,
          "ImageTag": {
            "TagContent": "/content/promotiontags/australian-grown-roundel-200x200.png",
            "TagLink": null,
            "FallbackText": "Australian Grown",
            "TagType": "Image",
            "MultibuyData": null,
            "MemberPriceData": null,
            "FFPVMemberPriceData": null,
            "TagContentText": null,
            "DualImageTagContent": null,
            "PromotionType": "NOT_SET",
            "IsRegisteredRewardCardPromotion": false
          },
          "HeaderTag": null,
          "HasHeaderTag": false,
          "UnitWeightInGrams": 0,
          "SupplyLimitMessage": "'Woolworths Carrot, Corn & Beans' has a supply limit of 6. The quantity in your cart has been reduced accordingly. To purchase a larger quantity, please contact us on 1800 000 610. Please note we do not supply trade orders.",
          "SmallFormatDescription": "Woolworths Carrot, Corn & Beans ",
          "FullDescription": "Woolworths Carrot, Corn & Beans ",
          "IsAvailable": true,
          "InstoreIsAvailable": true,
          "IsPurchasable": true,
          "InstoreIsPurchasable": true,
          "AgeRestricted": false,
          "DisplayQuantity": 1,
          "RichDescription": null,
          "HideWasSavedPrice": false,
          "SapCategories": null,
          "Brand": "Woolworths",
          "IsRestrictedByDeliveryMethod": false,
          "FooterTag": {
            "TagContent": null,
            "TagLink": null,
            "FallbackText": null,
            "TagType": "None",
            "MultibuyData": null,
            "MemberPriceData": null,
            "FFPVMemberPriceData": null,
            "TagContentText": null,
            "DualImageTagContent": null,
            "PromotionType": "NOT_SET",
            "IsRegisteredRewardCardPromotion": false
          },
          "IsFooterEnabled": false,
          "Diagnostics": "15",
          "IsBundle": false,
          "IsInFamily": false,
          "ChildProducts": null,
          "UrlOverride": null,
          "AdditionalAttributes": {
            "boxedcontents": null,
            "addedvitaminsandminerals": "False",
            "sapdepartmentname": "FRUIT AND VEG",
            "spf": null,
            "haircolour": null,
            "lifestyleanddietarystatement": "Gluten Free,Vegan,Vegetarian",
            "sapcategoryname": "VEG / FRESHCUTS / HARD PRODUCE",
            "skintype": null,
            "importantinformation": null,
            "allergystatement": "Dairy Free,Egg Free,Fish Free,Gluten Free,Lactose Free,Soy Free,Wheat Free",
            "productdepthmm": null,
            "skincondition": null,
            "ophthalmologistapproved": null,
            "healthstarrating": "5",
            "hairtype": null,
            "fragrance-free": null,
            "sapsegmentname": "CUT VEG",
            "suitablefor": null,
            "PiesProductDepartmentsjson": "[{\"Id\":\"1-E5BEE36E\",\"Description\":\"Fruit & Veg\"},{\"Id\":\"1_8AD6702\",\"Description\":\"Dinner\"}]",
            "piessubcategorynamesjson": "[\"Washed & Cut Vegetables\",\"Prepacked Vegetables\",\"Cut Veg\"]",
            "sapsegmentno": "64",
            "productwidthmm": null,
            "contains": null,
            "sapsubcategoryname": "VALUE ADD VEG",
            "dermatologisttested": null,
            "wool_productpackaging": null,
            "dermatologicallyapproved": null,
            "specialsgroupid": null,
            "productimages": "79928.jpg,79928_1.jpg,79928_2.jpg,79928_3.jpg,79928_6.jpg",
            "productheightmm": null,
            "r&r_hidereviews": null,
            "microwavesafe": "False",
            "paba-free": null,
            "lifestyleclaim": null,
            "alcoholfree": null,
            "tgawarning": null,
            "activeconstituents": null,
            "microwaveable": "False",
            "soap-free": null,
            "countryoforigin": null,
            "isexcludedfromsubstitution": "False",
            "productimagecount": "5",
            "r&r_loggedinreviews": null,
            "anti-dandruff": null,
            "servingsize-total-nip": null,
            "tgahealthwarninglink": null,
            "allergenmaybepresent": null,
            "PiesProductDepartmentNodeId": "1-E5BEE36E",
            "parabenfree": "False",
            "vendorarticleid": null,
            "containsgluten": "False",
            "containsnuts": "False",
            "ingredients": "Corn (37%), Carrot (31%), Beans (31%), Percentages may vary due to seasonal and processing variabilities.",
            "colour": null,
            "manufacturer": null,
            "sapcategoryno": "63",
            "storageinstructions": "Keep Refrigerated",
            "tgawarnings": null,
            "piesdepartmentnamesjson": "[\"Fruit & Veg\",\"Dinner\"]",
            "brand": "woolworths",
            "oilfree": null,
            "fragrance": null,
            "antibacterial": "False",
            "non-comedogenic": null,
            "antiseptic": "False",
            "bpafree": "False",
            "vendorcostprice": null,
            "description": null,
            "sweatresistant": null,
            "sapsubcategoryno": "998",
            "antioxidant": "False",
            "claims": null,
            "phbalanced": null,
            "wool_dietaryclaim": null,
            "ophthalmologisttested": null,
            "sulfatefree": "False",
            "piescategorynamesjson": "[\"Sides & Starters\",\"Vegetables\",\"Prepared Vegetables\"]",
            "servingsperpack-total-nip": null,
            "nutritionalinformation": null,
            "ovencook": "False",
            "vegetarian": "False",
            "hypo-allergenic": null,
            "timer": null,
            "dermatologistrecommended": null,
            "sapdepartmentno": "30",
            "allergencontains": null,
            "waterresistant": null,
            "friendlydisclaimer": null,
            "recyclableinformation": null,
            "usageinstructions": null,
            "freezable": "False"
          },
          "DetailsImagePaths": [
            "https://cdn0.woolworths.media/content/wowproductimages/large/079928.jpg"
          ],
          "Variety": null,
          "Rating": {
            "ReviewCount": 0,
            "RatingCount": 0,
            "RatingSum": 0,
            "OneStarCount": 0,
            "TwoStarCount": 0,
            "ThreeStarCount": 0,
            "FourStarCount": 0,
            "FiveStarCount": 0,
            "Average": 0,
            "OneStarPercentage": 0,
            "TwoStarPercentage": 0,
            "ThreeStarPercentage": 0,
            "FourStarPercentage": 0,
            "FiveStarPercentage": 0
          },
          "HasProductSubs": false,
          "IsSponsoredAd": false,
          "AdID": null,
          "AdIndex": null,
          "AdStatus": null,
          "IsMarketProduct": false,
          "IsGiftable": false,
          "Vendor": null,
          "Untraceable": false,
          "ThirdPartyProductInfo": null,
          "MarketFeatures": null,
          "MarketSpecifications": null,
          "SupplyLimitSource": "StockQuantity",
          "Tags": [
            {
              "Content": {
                "Type": "Roundel",
                "Position": "Top",
                "Attributes": {
                  "ImagePath": "/content/promotiontags/australian-grown-roundel-200x200.png",
                  "FallbackText": "Australian Grown"
                },
                "FFPVAttributes": null
              },
              "TemplateId": null,
              "Metadata": null
            }
          ],
          "IsPersonalisedByPurchaseHistory": false,
          "IsFromFacetedSearch": false,
          "NextAvailabilityDate": "2026-01-26T00:00:00.0000000Z",
          "NumberOfSubstitutes": 0,
          "IsPrimaryVariant": false,
          "VariantGroupId": 0,
          "HasVariants": false,
          "VariantTitle": null,
          "IsTobacco": false,
          "IsFreeShipping": null,
          "FulfilmentStoreId": 1101,
          "B2BExtendedRange": null,
          "OfferId": null,
          "BundleProductGroups": null
        }
      ],
      "Name": "Woolworths Carrot, Corn & Beans",
      "DisplayName": "Woolworths Carrot, Corn & Beans 350g"
    },
    {
      "Products": [
        {
          "TileID": 17,
          "Stockcode": 816207,
          "Barcode": "0265793000006",
          "GtinFormat": 13,
          "CupPrice": null,
          "InstoreCupPrice": null,
          "CupMeasure": "1EA",
          "CupString": "",
          "InstoreCupString": "",
          "HasCupPrice": false,
          "InstoreHasCupPrice": false,
          "Price": null,
          "IncrementalPrice": null,
          "IncrementalWasPrice": null,
          "IncrementalMinimumQuantity": null,
          "IncrementalMinimumQuantityUnit": "g",
          "PricePerKGLabel": "Price per Kg charged",
          "MinWeightPrice": null,
          "MaxWeightPrice": null,
          "InstorePrice": null,
          "Name": "Macro Organic Carrot Dutch Bunch",
          "DisplayName": "Macro Organic Carrot Dutch Bunch each",
          "UrlFriendlyName": "macro-organic-carrot-dutch-bunch",
          "Description": " Macro Organic Carrot Dutch<br>Bunch  each",
          "SmallImageFile": "https://cdn0.woolworths.media/content/wowproductimages/small/816207.jpg",
          "MediumImageFile": "https://cdn0.woolworths.media/content/wowproductimages/medium/816207.jpg",
          "LargeImageFile": "https://cdn0.woolworths.media/content/wowproductimages/large/816207.jpg",
          "IsNew": false,
          "IsHalfPrice": false,
          "IsOnlineOnly": false,
          "IsOnSpecial": false,
          "InstoreIsOnSpecial": false,
          "IsEdrSpecial": false,
          "SavingsAmount": null,
          "InstoreSavingsAmount": null,
          "WasPrice": 4.4,
          "InstoreWasPrice": 4.4,
          "QuantityInTrolley": 0,
          "Unit": "Each",
          "MinimumQuantity": 1,
          "HasBeenBoughtBefore": false,
          "IsInTrolley": false,
          "Source": "SearchServiceSearchProducts",
          "SupplyLimit": 36,
          "ProductLimit": 36,
          "MaxSupplyLimitMessage": "36 item limit",
          "IsRanged": true,
          "IsInStock": false,
          "PackageSize": "each",
          "IsPmDelivery": false,
          "IsForCollection": true,
          "IsForDelivery": true,
          "IsForExpress": true,
          "ProductRestrictionMessage": null,
          "ProductWarningMessage": null,
          "CentreTag": {
            "TagContent": null,
            "TagLink": null,
            "FallbackText": null,
            "TagType": "None",
            "MultibuyData": null,
            "MemberPriceData": null,
            "FFPVMemberPriceData": null,
            "TagContentText": null,
            "DualImageTagContent": null,
            "PromotionType": "NOT_SET",
            "IsRegisteredRewardCardPromotion": false
          },
          "IsCentreTag": false,
          "ImageTag": {
            "TagContent": null,
            "TagLink": null,
            "FallbackText": null,
            "TagType": "None",
            "MultibuyData": null,
            "MemberPriceData": null,
            "FFPVMemberPriceData": null,
            "TagContentText": null,
            "DualImageTagContent": null,
            "PromotionType": "NOT_SET",
            "IsRegisteredRewardCardPromotion": false
          },
          "HeaderTag": null,
          "HasHeaderTag": false,
          "UnitWeightInGrams": 0,
          "SupplyLimitMessage": "'Macro Organic Carrot Dutch Bunch' has a supply limit of 36. The quantity in your cart has been reduced accordingly. To purchase a larger quantity, please contact us on 1800 000 610. Please note we do not supply trade orders.",
          "SmallFormatDescription": "Macro Organic Carrot Dutch Bunch ",
          "FullDescription": "Macro Organic Carrot Dutch Bunch ",
          "IsAvailable": false,
          "InstoreIsAvailable": false,
          "IsPurchasable": false,
          "InstoreIsPurchasable": false,
          "AgeRestricted": false,
          "DisplayQuantity": 1,
          "RichDescription": null,
          "HideWasSavedPrice": true,
          "SapCategories": null,
          "Brand": "Macro",
          "IsRestrictedByDeliveryMethod": false,
          "FooterTag": {
            "TagContent": null,
            "TagLink": null,
            "FallbackText": null,
            "TagType": "None",
            "MultibuyData": null,
            "MemberPriceData": null,
            "FFPVMemberPriceData": null,
            "TagContentText": null,
            "DualImageTagContent": null,
            "PromotionType": "NOT_SET",
            "IsRegisteredRewardCardPromotion": false
          },
          "IsFooterEnabled": false,
          "Diagnostics": "16",
          "IsBundle": false,
          "IsInFamily": false,
          "ChildProducts": null,
          "UrlOverride": null,
          "AdditionalAttributes": {
            "boxedcontents": null,
            "addedvitaminsandminerals": "False",
            "sapdepartmentname": "FRUIT AND VEG",
            "spf": null,
            "haircolour": null,
            "lifestyleanddietarystatement": "Organic",
            "sapcategoryname": "VEG / FRESHCUTS / HARD PRODUCE",
            "skintype": null,
            "importantinformation": null,
            "allergystatement": null,
            "productdepthmm": null,
            "skincondition": null,
            "ophthalmologistapproved": null,
            "healthstarrating": null,
            "hairtype": null,
            "fragrance-free": null,
            "sapsegmentname": "ORGANIC LOOSE",
            "suitablefor": null,
            "PiesProductDepartmentsjson": "[{\"Id\":\"1-E5BEE36E\",\"Description\":\"Fruit & Veg\"}]",
            "piessubcategorynamesjson": "[\"Organic Vegetables\",\"Organic Loose\"]",
            "sapsegmentno": "3",
            "productwidthmm": null,
            "contains": null,
            "sapsubcategoryname": "ORGANICS",
            "dermatologisttested": null,
            "wool_productpackaging": null,
            "dermatologicallyapproved": null,
            "specialsgroupid": null,
            "productimages": "816207.jpg",
            "productheightmm": null,
            "r&r_hidereviews": null,
            "microwavesafe": "False",
            "paba-free": null,
            "lifestyleclaim": null,
            "alcoholfree": null,
            "tgawarning": null,
            "activeconstituents": null,
            "microwaveable": "False",
            "soap-free": null,
            "countryoforigin": null,
            "isexcludedfromsubstitution": "False",
            "productimagecount": "1",
            "r&r_loggedinreviews": null,
            "anti-dandruff": null,
            "servingsize-total-nip": null,
            "tgahealthwarninglink": null,
            "allergenmaybepresent": null,
            "PiesProductDepartmentNodeId": "1-E5BEE36E",
            "parabenfree": "False",
            "vendorarticleid": null,
            "containsgluten": "False",
            "containsnuts": "False",
            "ingredients": null,
            "colour": null,
            "manufacturer": null,
            "sapcategoryno": "63",
            "storageinstructions": null,
            "tgawarnings": null,
            "piesdepartmentnamesjson": "[\"Fruit & Veg\"]",
            "brand": "macro",
            "oilfree": null,
            "fragrance": null,
            "antibacterial": "False",
            "non-comedogenic": null,
            "antiseptic": "False",
            "bpafree": "False",
            "vendorcostprice": null,
            "description": "Enjoy the crispness and freshness of Australian-grown carrots in our delicious Organic Dutch Carrot Bunch. Free from synthetic chemicals such as pesticides, herbicides and GM ingredients, our certified organic Dutch carrots are produced using organic and sustainable farming practices for added peace of mind.<br>\n<br>\nPacked with healthy nutrients,  Macro Organic Dutch Carrots are smaller and sweeter than regular carrots, making them a popular choice for the whole family. A perfect carrot for roasting, enjoy our Organic Dutch Carrots cooked with honey, butter and wholegrain mustard.",
            "sweatresistant": null,
            "sapsubcategoryno": "557",
            "antioxidant": "False",
            "claims": null,
            "phbalanced": null,
            "wool_dietaryclaim": null,
            "ophthalmologisttested": null,
            "sulfatefree": "False",
            "piescategorynamesjson": "[\"Vegetables\",\"Organic\"]",
            "servingsperpack-total-nip": null,
            "nutritionalinformation": null,
            "ovencook": "False",
            "vegetarian": "False",
            "hypo-allergenic": null,
            "timer": null,
            "dermatologistrecommended": null,
            "sapdepartmentno": "30",
            "allergencontains": null,
            "waterresistant": null,
            "friendlydisclaimer": null,
            "recyclableinformation": null,
            "usageinstructions": null,
            "freezable": "False"
          },
          "DetailsImagePaths": [
            "https://cdn0.woolworths.media/content/wowproductimages/large/816207.jpg"
          ],
          "Variety": null,
          "Rating": {
            "ReviewCount": 0,
            "RatingCount": 0,
            "RatingSum": 0,
            "OneStarCount": 0,
            "TwoStarCount": 0,
            "ThreeStarCount": 0,
            "FourStarCount": 0,
            "FiveStarCount": 0,
            "Average": 0,
            "OneStarPercentage": 0,
            "TwoStarPercentage": 0,
            "ThreeStarPercentage": 0,
            "FourStarPercentage": 0,
            "FiveStarPercentage": 0
          },
          "HasProductSubs": false,
          "IsSponsoredAd": false,
          "AdID": null,
          "AdIndex": null,
          "AdStatus": null,
          "IsMarketProduct": false,
          "IsGiftable": false,
          "Vendor": null,
          "Untraceable": false,
          "ThirdPartyProductInfo": null,
          "MarketFeatures": null,
          "MarketSpecifications": null,
          "SupplyLimitSource": "ProductLimit",
          "Tags": null,
          "IsPersonalisedByPurchaseHistory": false,
          "IsFromFacetedSearch": false,
          "NextAvailabilityDate": null,
          "NumberOfSubstitutes": 1,
          "IsPrimaryVariant": false,
          "VariantGroupId": 0,
          "HasVariants": false,
          "VariantTitle": null,
          "IsTobacco": false,
          "IsFreeShipping": null,
          "FulfilmentStoreId": 1101,
          "B2BExtendedRange": null,
          "OfferId": null,
          "BundleProductGroups": null
        }
      ],
      "Name": "Macro Organic Carrot Dutch Bunch",
      "DisplayName": "Macro Organic Carrot Dutch Bunch each"
    },
    {
      "Products": [
        {
          "TileID": 18,
          "Stockcode": 285806,
          "Barcode": "9339687341214",
          "GtinFormat": 13,
          "CupPrice": null,
          "InstoreCupPrice": null,
          "CupMeasure": "1KG",
          "CupString": "",
          "InstoreCupString": "",
          "HasCupPrice": false,
          "InstoreHasCupPrice": false,
          "Price": null,
          "IncrementalPrice": null,
          "IncrementalWasPrice": null,
          "IncrementalMinimumQuantity": null,
          "IncrementalMinimumQuantityUnit": "g",
          "PricePerKGLabel": "Price per Kg charged",
          "MinWeightPrice": null,
          "MaxWeightPrice": null,
          "InstorePrice": null,
          "Name": "Organic Carrots",
          "DisplayName": "Organic Carrots 500g",
          "UrlFriendlyName": "organic-carrots",
          "Description": "  Organic Carrots  500g",
          "SmallImageFile": "https://cdn0.woolworths.media/content/wowproductimages/small/285806.jpg",
          "MediumImageFile": "https://cdn0.woolworths.media/content/wowproductimages/medium/285806.jpg",
          "LargeImageFile": "https://cdn0.woolworths.media/content/wowproductimages/large/285806.jpg",
          "IsNew": false,
          "IsHalfPrice": false,
          "IsOnlineOnly": false,
          "IsOnSpecial": false,
          "InstoreIsOnSpecial": false,
          "IsEdrSpecial": false,
          "SavingsAmount": null,
          "InstoreSavingsAmount": null,
          "WasPrice": 2.9,
          "InstoreWasPrice": 2.9,
          "QuantityInTrolley": 0,
          "Unit": "Each",
          "MinimumQuantity": 1,
          "HasBeenBoughtBefore": false,
          "IsInTrolley": false,
          "Source": "SearchServiceSearchProducts",
          "SupplyLimit": 36,
          "ProductLimit": 36,
          "MaxSupplyLimitMessage": "36 item limit",
          "IsRanged": true,
          "IsInStock": false,
          "PackageSize": "500g",
          "IsPmDelivery": false,
          "IsForCollection": true,
          "IsForDelivery": true,
          "IsForExpress": true,
          "ProductRestrictionMessage": null,
          "ProductWarningMessage": null,
          "CentreTag": {
            "TagContent": null,
            "TagLink": null,
            "FallbackText": null,
            "TagType": "None",
            "MultibuyData": null,
            "MemberPriceData": null,
            "FFPVMemberPriceData": null,
            "TagContentText": null,
            "DualImageTagContent": null,
            "PromotionType": "NOT_SET",
            "IsRegisteredRewardCardPromotion": false
          },
          "IsCentreTag": false,
          "ImageTag": {
            "TagContent": null,
            "TagLink": null,
            "FallbackText": null,
            "TagType": "None",
            "MultibuyData": null,
            "MemberPriceData": null,
            "FFPVMemberPriceData": null,
            "TagContentText": null,
            "DualImageTagContent": null,
            "PromotionType": "NOT_SET",
            "IsRegisteredRewardCardPromotion": false
          },
          "HeaderTag": null,
          "HasHeaderTag": false,
          "UnitWeightInGrams": 0,
          "SupplyLimitMessage": "'Organic Carrots' has a supply limit of 36. The quantity in your cart has been reduced accordingly. To purchase a larger quantity, please contact us on 1800 000 610. Please note we do not supply trade orders.",
          "SmallFormatDescription": " Organic Carrots ",
          "FullDescription": " Organic Carrots ",
          "IsAvailable": false,
          "InstoreIsAvailable": false,
          "IsPurchasable": false,
          "InstoreIsPurchasable": false,
          "AgeRestricted": false,
          "DisplayQuantity": 1,
          "RichDescription": null,
          "HideWasSavedPrice": true,
          "SapCategories": null,
          "Brand": null,
          "IsRestrictedByDeliveryMethod": false,
          "FooterTag": {
            "TagContent": null,
            "TagLink": null,
            "FallbackText": null,
            "TagType": "None",
            "MultibuyData": null,
            "MemberPriceData": null,
            "FFPVMemberPriceData": null,
            "TagContentText": null,
            "DualImageTagContent": null,
            "PromotionType": "NOT_SET",
            "IsRegisteredRewardCardPromotion": false
          },
          "IsFooterEnabled": false,
          "Diagnostics": "17",
          "IsBundle": false,
          "IsInFamily": false,
          "ChildProducts": null,
          "UrlOverride": null,
          "AdditionalAttributes": {
            "boxedcontents": null,
            "addedvitaminsandminerals": "False",
            "sapdepartmentname": "FRUIT AND VEG",
            "spf": null,
            "haircolour": null,
            "lifestyleanddietarystatement": null,
            "sapcategoryname": "VEG / FRESHCUTS / HARD PRODUCE",
            "skintype": null,
            "importantinformation": null,
            "allergystatement": null,
            "productdepthmm": null,
            "skincondition": null,
            "ophthalmologistapproved": null,
            "healthstarrating": "5",
            "hairtype": null,
            "fragrance-free": null,
            "sapsegmentname": "ORGANIC VEGETABLES",
            "suitablefor": null,
            "PiesProductDepartmentsjson": "[{\"Id\":\"1-E5BEE36E\",\"Description\":\"Fruit & Veg\"}]",
            "piessubcategorynamesjson": "[\"Organic Salad\",\"Organic Salad\",\"Organic Vegetables\",\"Organic Vegetables\"]",
            "sapsegmentno": "1",
            "productwidthmm": null,
            "contains": null,
            "sapsubcategoryname": "ORGANICS",
            "dermatologisttested": null,
            "wool_productpackaging": null,
            "dermatologicallyapproved": null,
            "specialsgroupid": null,
            "productimages": "285806.jpg,285806_1.jpg,285806_2.jpg",
            "productheightmm": null,
            "r&r_hidereviews": null,
            "microwavesafe": "False",
            "paba-free": null,
            "lifestyleclaim": null,
            "alcoholfree": null,
            "tgawarning": null,
            "activeconstituents": null,
            "microwaveable": "False",
            "soap-free": null,
            "countryoforigin": null,
            "isexcludedfromsubstitution": "False",
            "productimagecount": "3",
            "r&r_loggedinreviews": null,
            "anti-dandruff": null,
            "servingsize-total-nip": null,
            "tgahealthwarninglink": null,
            "allergenmaybepresent": null,
            "PiesProductDepartmentNodeId": "1-E5BEE36E",
            "parabenfree": "False",
            "vendorarticleid": null,
            "containsgluten": "False",
            "containsnuts": "False",
            "ingredients": null,
            "colour": null,
            "manufacturer": null,
            "sapcategoryno": "63",
            "storageinstructions": null,
            "tgawarnings": null,
            "piesdepartmentnamesjson": "[\"Fruit & Veg\"]",
            "brand": null,
            "oilfree": null,
            "fragrance": null,
            "antibacterial": "False",
            "non-comedogenic": null,
            "antiseptic": "False",
            "bpafree": "False",
            "vendorcostprice": null,
            "description": null,
            "sweatresistant": null,
            "sapsubcategoryno": "557",
            "antioxidant": "False",
            "claims": null,
            "phbalanced": null,
            "wool_dietaryclaim": null,
            "ophthalmologisttested": null,
            "sulfatefree": "False",
            "piescategorynamesjson": "[\"Salad\",\"Vegetables\",\"Organic\"]",
            "servingsperpack-total-nip": null,
            "nutritionalinformation": null,
            "ovencook": "False",
            "vegetarian": "False",
            "hypo-allergenic": null,
            "timer": null,
            "dermatologistrecommended": null,
            "sapdepartmentno": "30",
            "allergencontains": null,
            "waterresistant": null,
            "friendlydisclaimer": null,
            "recyclableinformation": null,
            "usageinstructions": null,
            "freezable": "False"
          },
          "DetailsImagePaths": [
            "https://cdn0.woolworths.media/content/wowproductimages/large/285806.jpg"
          ],
          "Variety": null,
          "Rating": {
            "ReviewCount": 0,
            "RatingCount": 0,
            "RatingSum": 0,
            "OneStarCount": 0,
            "TwoStarCount": 0,
            "ThreeStarCount": 0,
            "FourStarCount": 0,
            "FiveStarCount": 0,
            "Average": 0,
            "OneStarPercentage": 0,
            "TwoStarPercentage": 0,
            "ThreeStarPercentage": 0,
            "FourStarPercentage": 0,
            "FiveStarPercentage": 0
          },
          "HasProductSubs": false,
          "IsSponsoredAd": false,
          "AdID": null,
          "AdIndex": null,
          "AdStatus": null,
          "IsMarketProduct": false,
          "IsGiftable": false,
          "Vendor": null,
          "Untraceable": false,
          "ThirdPartyProductInfo": null,
          "MarketFeatures": null,
          "MarketSpecifications": null,
          "SupplyLimitSource": "ProductLimit",
          "Tags": null,
          "IsPersonalisedByPurchaseHistory": false,
          "IsFromFacetedSearch": false,
          "NextAvailabilityDate": null,
          "NumberOfSubstitutes": 1,
          "IsPrimaryVariant": false,
          "VariantGroupId": 0,
          "HasVariants": false,
          "VariantTitle": null,
          "IsTobacco": false,
          "IsFreeShipping": null,
          "FulfilmentStoreId": 1101,
          "B2BExtendedRange": null,
          "OfferId": null,
          "BundleProductGroups": null
        }
      ],
      "Name": "Organic Carrots",
      "DisplayName": "Organic Carrots 500g"
    },
    {
      "Products": [
        {
          "TileID": 19,
          "Stockcode": 768562,
          "Barcode": "9300633450359",
          "GtinFormat": 13,
          "CupPrice": 5,
          "InstoreCupPrice": 5,
          "CupMeasure": "1KG",
          "CupString": "$5.00 / 1KG",
          "InstoreCupString": "$5.00 / 1KG",
          "HasCupPrice": true,
          "InstoreHasCupPrice": true,
          "Price": 2.5,
          "IncrementalPrice": null,
          "IncrementalWasPrice": null,
          "IncrementalMinimumQuantity": null,
          "IncrementalMinimumQuantityUnit": "g",
          "PricePerKGLabel": "Price per Kg charged",
          "MinWeightPrice": null,
          "MaxWeightPrice": null,
          "InstorePrice": 2.5,
          "Name": "Woolworths Julienne Carrots",
          "DisplayName": "Woolworths Julienne Carrots 500g",
          "UrlFriendlyName": "woolworths-julienne-carrots",
          "Description": " Woolworths Julienne Carrots 500g",
          "SmallImageFile": "https://cdn0.woolworths.media/content/wowproductimages/small/768562.jpg",
          "MediumImageFile": "https://cdn0.woolworths.media/content/wowproductimages/medium/768562.jpg",
          "LargeImageFile": "https://cdn0.woolworths.media/content/wowproductimages/large/768562.jpg",
          "IsNew": false,
          "IsHalfPrice": false,
          "IsOnlineOnly": false,
          "IsOnSpecial": false,
          "InstoreIsOnSpecial": false,
          "IsEdrSpecial": false,
          "SavingsAmount": 0.0,
          "InstoreSavingsAmount": 0.0,
          "WasPrice": 2.5,
          "InstoreWasPrice": 2.5,
          "QuantityInTrolley": 0,
          "Unit": "Each",
          "MinimumQuantity": 1,
          "HasBeenBoughtBefore": false,
          "IsInTrolley": false,
          "Source": "SearchServiceSearchProducts",
          "SupplyLimit": 12,
          "ProductLimit": 36,
          "MaxSupplyLimitMessage": "12 item(s) left",
          "IsRanged": true,
          "IsInStock": true,
          "PackageSize": "500g",
          "IsPmDelivery": false,
          "IsForCollection": true,
          "IsForDelivery": true,
          "IsForExpress": true,
          "ProductRestrictionMessage": "Freezer Items for Remote Stores",
          "ProductWarningMessage": "Freezer Items for Remote Stores",
          "CentreTag": {
            "TagContent": null,
            "TagLink": null,
            "FallbackText": null,
            "TagType": "None",
            "MultibuyData": null,
            "MemberPriceData": null,
            "FFPVMemberPriceData": null,
            "TagContentText": null,
            "DualImageTagContent": null,
            "PromotionType": "NOT_SET",
            "IsRegisteredRewardCardPromotion": false
          },
          "IsCentreTag": false,
          "ImageTag": {
            "TagContent": null,
            "TagLink": null,
            "FallbackText": "",
            "TagType": "Image",
            "MultibuyData": null,
            "MemberPriceData": null,
            "FFPVMemberPriceData": null,
            "TagContentText": null,
            "DualImageTagContent": null,
            "PromotionType": "NOT_SET",
            "IsRegisteredRewardCardPromotion": false
          },
          "HeaderTag": {
            "BackgroundColor": "#c20016",
            "BorderColor": "#c20016",
            "TextColor": "#fff",
            "Content": "EVERYDAY LOW PRICE",
            "PromotionName": null,
            "TagLink": null,
            "Promotion": "LowPrice",
            "IncrementalSavingsAmount": null
          },
          "HasHeaderTag": true,
          "UnitWeightInGrams": 0,
          "SupplyLimitMessage": "'Woolworths Julienne Carrots' has a supply limit of 12. The quantity in your cart has been reduced accordingly. To purchase a larger quantity, please contact us on 1800 000 610. Please note we do not supply trade orders.",
          "SmallFormatDescription": "Woolworths Julienne Carrots",
          "FullDescription": "Woolworths Julienne Carrots",
          "IsAvailable": true,
          "InstoreIsAvailable": false,
          "IsPurchasable": true,
          "InstoreIsPurchasable": false,
          "AgeRestricted": false,
          "DisplayQuantity": 1,
          "RichDescription": null,
          "HideWasSavedPrice": false,
          "SapCategories": null,
          "Brand": "Woolworths",
          "IsRestrictedByDeliveryMethod": false,
          "FooterTag": {
            "TagContent": "Lower Price Always",
            "TagLink": null,
            "FallbackText": null,
            "TagType": "Html",
            "MultibuyData": null,
            "MemberPriceData": null,
            "FFPVMemberPriceData": null,
            "TagContentText": null,
            "DualImageTagContent": null,
            "PromotionType": "NOT_SET",
            "IsRegisteredRewardCardPromotion": false
          },
          "IsFooterEnabled": true,
          "Diagnostics": "18",
          "IsBundle": false,
          "IsInFamily": false,
          "ChildProducts": null,
          "UrlOverride": null,
          "AdditionalAttributes": {
            "boxedcontents": null,
            "addedvitaminsandminerals": "False",
            "sapdepartmentname": "GROCERIES",
            "spf": null,
            "haircolour": null,
            "lifestyleanddietarystatement": "Gluten Free,Low Fat,Low Salt,Low Sugar,Source of Fibre,Vegan,Vegetarian",
            "sapcategoryname": "FROZEN MEALS",
            "skintype": null,
            "importantinformation": null,
            "allergystatement": "Dairy Free,Egg Free,Fish Free,Gluten Free,Lactose Free,No Artificial Colours or Flavours,No Artificial Preservatives,Soy Free,Wheat Free",
            "productdepthmm": null,
            "skincondition": null,
            "ophthalmologistapproved": null,
            "healthstarrating": "5",
            "hairtype": null,
            "fragrance-free": null,
            "sapsegmentname": "CARROTS",
            "suitablefor": null,
            "PiesProductDepartmentsjson": "[{\"Id\":\"1_ACA2FC2\",\"Description\":\"Freezer\"}]",
            "piessubcategorynamesjson": "[\"Gluten Free\",\"Other Vegetables\"]",
            "sapsegmentno": "6",
            "productwidthmm": null,
            "contains": null,
            "sapsubcategoryname": "FREEZER - VEGETABLES",
            "dermatologisttested": null,
            "wool_productpackaging": null,
            "dermatologicallyapproved": null,
            "specialsgroupid": null,
            "productimages": "768562.jpg,768562_2.jpg,768562_6.jpg",
            "productheightmm": null,
            "r&r_hidereviews": null,
            "microwavesafe": "False",
            "paba-free": null,
            "lifestyleclaim": null,
            "alcoholfree": null,
            "tgawarning": null,
            "activeconstituents": null,
            "microwaveable": "False",
            "soap-free": null,
            "countryoforigin": null,
            "isexcludedfromsubstitution": "False",
            "productimagecount": "3",
            "r&r_loggedinreviews": null,
            "anti-dandruff": null,
            "servingsize-total-nip": null,
            "tgahealthwarninglink": null,
            "allergenmaybepresent": null,
            "PiesProductDepartmentNodeId": "1_ACA2FC2",
            "parabenfree": "False",
            "vendorarticleid": null,
            "containsgluten": "False",
            "containsnuts": "False",
            "ingredients": "Carrot (100%).",
            "colour": null,
            "manufacturer": null,
            "sapcategoryno": "97",
            "storageinstructions": null,
            "tgawarnings": null,
            "piesdepartmentnamesjson": "[\"Freezer\"]",
            "brand": "woolworths",
            "oilfree": null,
            "fragrance": null,
            "antibacterial": "False",
            "non-comedogenic": null,
            "antiseptic": "False",
            "bpafree": "False",
            "vendorcostprice": null,
            "description": "<p>The Woolworths Select range of frozen vegetables are snap frozen to lock in the freshness and flavour, providing a convenient and nutritious way to enjoy vegetables.   Contains no preservatives, no artificial colours or flavours</p>",
            "sweatresistant": null,
            "sapsubcategoryno": "103",
            "antioxidant": "False",
            "claims": null,
            "phbalanced": null,
            "wool_dietaryclaim": null,
            "ophthalmologisttested": null,
            "sulfatefree": "False",
            "piescategorynamesjson": "[\"Frozen Gluten Free\",\"Frozen Vegetables\"]",
            "servingsperpack-total-nip": null,
            "nutritionalinformation": "{\"Name\":\"Nutritional Information\",\"Attributes\":[{\"Id\":705,\"Name\":\"Carbohydrate Quantity Per 100g - Total - NIP\",\"Value\":\"5.1g\",\"Description\":\"Carbohydrate Quantity Per 100g - Total - NIP\",\"SortOrder\":83},{\"Id\":706,\"Name\":\"Carbohydrate Quantity Per Serve - Total - NIP\",\"Value\":\"3.8g\",\"Description\":\"Carbohydrate Quantity Per Serve - Total - NIP\",\"SortOrder\":87},{\"Id\":191,\"Name\":\"Dietary Fibre Quantity Per 100g - Total - NIP\",\"Value\":\"3.3g\",\"Description\":\"Dietary Fibre Quantity Per 100g - Total - NIP\",\"SortOrder\":175},{\"Id\":120,\"Name\":\"Dietary Fibre Quantity Per Serve - Total - NIP\",\"Value\":\"2.5g\",\"Description\":\"Dietary Fibre Quantity Per Serve - Total - NIP\",\"SortOrder\":179},{\"Id\":759,\"Name\":\"Energy kJ Quantity Per 100g - Total - NIP\",\"Value\":\"143.0kJ\",\"Description\":\"Energy kJ Quantity Per 100g - Total - NIP\",\"SortOrder\":239},{\"Id\":760,\"Name\":\"Energy kJ Quantity Per Serve - Total - NIP\",\"Value\":\"107.0kJ\",\"Description\":\"Energy kJ Quantity Per Serve - Total - NIP\",\"SortOrder\":243},{\"Id\":253,\"Name\":\"Fat Saturated Quantity Per 100g - Total - NIP\",\"Value\":\"< 1.0g\",\"Description\":\"Fat Saturated Quantity Per 100g - Total - NIP\",\"SortOrder\":251},{\"Id\":258,\"Name\":\"Fat Saturated Quantity Per Serve - Total - NIP\",\"Value\":\"< 0.8g\",\"Description\":\"Fat Saturated Quantity Per Serve - Total - NIP\",\"SortOrder\":255},{\"Id\":764,\"Name\":\"Fat Total Quantity Per 100g - Total - NIP\",\"Value\":\"< 1.0g\",\"Description\":\"Fat Total Quantity Per 100g - Total - NIP\",\"SortOrder\":263},{\"Id\":166,\"Name\":\"Fat Total Quantity Per 100g - ValueWord - NIP\",\"Value\":\"1.0\",\"Description\":\"Fat Total Quantity Per 100g - ValueWord - NIP\",\"SortOrder\":264},{\"Id\":264,\"Name\":\"Fat Total Quantity Per Serve - Total - NIP\",\"Value\":\"< 0.8g\",\"Description\":\"Fat Total Quantity Per Serve - Total - NIP\",\"SortOrder\":267},{\"Id\":493,\"Name\":\"Potassium Quantity Per Serve - Total - NIP\",\"Value\":\"202.5mg\",\"Description\":\"Potassium Quantity Per Serve - Total - NIP\",\"SortOrder\":579},{\"Id\":878,\"Name\":\"Protein Quantity Per 100g - Total - NIP\",\"Value\":\"1.1g\",\"Description\":\"Protein Quantity Per 100g - Total - NIP\",\"SortOrder\":587},{\"Id\":882,\"Name\":\"Protein Quantity Per Serve - Total - NIP\",\"Value\":\"< 0.8g\",\"Description\":\"Protein Quantity Per Serve - Total - NIP\",\"SortOrder\":591},{\"Id\":477,\"Name\":\"Serving Size - Total - NIP\",\"Value\":\"75.0 G\",\"Description\":\"Serving Size - Total - NIP\",\"SortOrder\":607},{\"Id\":544,\"Name\":\"Servings Per Pack - Total - NIP\",\"Value\":\"6.0\",\"Description\":\"Servings Per Pack - Total - NIP\",\"SortOrder\":611},{\"Id\":491,\"Name\":\"Sodium Quantity Per 100g - Total - NIP\",\"Value\":\"67.0mg\",\"Description\":\"Sodium Quantity Per 100g - Total - NIP\",\"SortOrder\":623},{\"Id\":495,\"Name\":\"Sodium Quantity Per Serve - Total - NIP\",\"Value\":\"50.0mg\",\"Description\":\"Sodium Quantity Per Serve - Total - NIP\",\"SortOrder\":627},{\"Id\":908,\"Name\":\"Sugars Quantity Per 100g - SuffixUnits - NIP\",\"Value\":\"g\",\"Description\":\"Sugars Quantity Per 100g - SuffixUnits - NIP\",\"SortOrder\":646},{\"Id\":909,\"Name\":\"Sugars Quantity Per 100g - Total - NIP\",\"Value\":\"4.6g\",\"Description\":\"Sugars Quantity Per 100g - Total - NIP\",\"SortOrder\":647},{\"Id\":910,\"Name\":\"Sugars Quantity Per 100g - ValueWord - NIP\",\"Value\":\"4.6\",\"Description\":\"Sugars Quantity Per 100g - ValueWord - NIP\",\"SortOrder\":648},{\"Id\":911,\"Name\":\"Sugars Quantity Per Serve - SuffixUnits - NIP\",\"Value\":\"g\",\"Description\":\"Sugars Quantity Per Serve - SuffixUnits - NIP\",\"SortOrder\":650},{\"Id\":912,\"Name\":\"Sugars Quantity Per Serve - Total - NIP\",\"Value\":\"3.4g\",\"Description\":\"Sugars Quantity Per Serve - Total - NIP\",\"SortOrder\":651},{\"Id\":572,\"Name\":\"Sugars Quantity Per Serve - ValueWord - NIP\",\"Value\":\"3.4\",\"Description\":\"Sugars Quantity Per Serve - ValueWord - NIP\",\"SortOrder\":652}]}",
            "ovencook": "False",
            "vegetarian": "False",
            "hypo-allergenic": null,
            "timer": null,
            "dermatologistrecommended": null,
            "sapdepartmentno": "5",
            "allergencontains": null,
            "waterresistant": null,
            "friendlydisclaimer": null,
            "recyclableinformation": null,
            "usageinstructions": null,
            "freezable": "False"
          },
          "DetailsImagePaths": [
            "https://cdn0.woolworths.media/content/wowproductimages/large/768562.jpg"
          ],
          "Variety": "Carrots",
          "Rating": {
            "ReviewCount": 0,
            "RatingCount": 0,
            "RatingSum": 0,
            "OneStarCount": 0,
            "TwoStarCount": 0,
            "ThreeStarCount": 0,
            "FourStarCount": 0,
            "FiveStarCount": 0,
            "Average": 0,
            "OneStarPercentage": 0,
            "TwoStarPercentage": 0,
            "ThreeStarPercentage": 0,
            "FourStarPercentage": 0,
            "FiveStarPercentage": 0
          },
          "HasProductSubs": false,
          "IsSponsoredAd": false,
          "AdID": null,
          "AdIndex": null,
          "AdStatus": null,
          "IsMarketProduct": false,
          "IsGiftable": false,
          "Vendor": null,
          "Untraceable": false,
          "ThirdPartyProductInfo": null,
          "MarketFeatures": null,
          "MarketSpecifications": null,
          "SupplyLimitSource": "StockQuantity",
          "Tags": [
            {
              "Content": {
                "Type": "Label",
                "Position": "Top",
                "Attributes": {
                  "Text": "EVERYDAY LOW PRICE",
                  "Promotion": "LowPrice",
                  "BackgroundColor": "#c20016",
                  "BorderColor": "#c20016",
                  "TextColor": "#fff"
                },
                "FFPVAttributes": null
              },
              "TemplateId": null,
              "Metadata": null
            }
          ],
          "IsPersonalisedByPurchaseHistory": false,
          "IsFromFacetedSearch": false,
          "NextAvailabilityDate": "2026-01-26T00:00:00.0000000Z",
          "NumberOfSubstitutes": 0,
          "IsPrimaryVariant": false,
          "VariantGroupId": 0,
          "HasVariants": false,
          "VariantTitle": null,
          "IsTobacco": false,
          "IsFreeShipping": null,
          "FulfilmentStoreId": 1101,
          "B2BExtendedRange": null,
          "OfferId": null,
          "BundleProductGroups": null
        }
      ],
      "Name": "Woolworths Julienne Carrots",
      "DisplayName": "Woolworths Julienne Carrots 500g"
    },
    {
      "Products": [
        {
          "TileID": 20,
          "Stockcode": 218900,
          "Barcode": "9300633904104",
          "GtinFormat": 13,
          "CupPrice": 4.39,
          "InstoreCupPrice": 4.39,
          "CupMeasure": "1KG",
          "CupString": "$4.39 / 1KG",
          "InstoreCupString": "$4.39 / 1KG",
          "HasCupPrice": true,
          "InstoreHasCupPrice": true,
          "Price": 1.8,
          "IncrementalPrice": null,
          "IncrementalWasPrice": null,
          "IncrementalMinimumQuantity": null,
          "IncrementalMinimumQuantityUnit": "g",
          "PricePerKGLabel": "Price per Kg charged",
          "MinWeightPrice": null,
          "MaxWeightPrice": null,
          "InstorePrice": 1.8,
          "Name": "Woolworths Whole Baby Carrots Baby",
          "DisplayName": "Woolworths Whole Baby Carrots 410g",
          "UrlFriendlyName": "woolworths-whole-baby-carrots-baby",
          "Description": " Woolworths Whole Baby<br>Carrots Baby 410g",
          "SmallImageFile": "https://cdn0.woolworths.media/content/wowproductimages/small/218900.jpg",
          "MediumImageFile": "https://cdn0.woolworths.media/content/wowproductimages/medium/218900.jpg",
          "LargeImageFile": "https://cdn0.woolworths.media/content/wowproductimages/large/218900.jpg",
          "IsNew": false,
          "IsHalfPrice": false,
          "IsOnlineOnly": false,
          "IsOnSpecial": false,
          "InstoreIsOnSpecial": false,
          "IsEdrSpecial": false,
          "SavingsAmount": 0.0,
          "InstoreSavingsAmount": 0.0,
          "WasPrice": 1.8,
          "InstoreWasPrice": 1.8,
          "QuantityInTrolley": 0,
          "Unit": "Each",
          "MinimumQuantity": 1,
          "HasBeenBoughtBefore": false,
          "IsInTrolley": false,
          "Source": "SearchServiceSearchProducts",
          "SupplyLimit": 27,
          "ProductLimit": 36,
          "MaxSupplyLimitMessage": "27 item(s) left",
          "IsRanged": true,
          "IsInStock": true,
          "PackageSize": "410g",
          "IsPmDelivery": false,
          "IsForCollection": true,
          "IsForDelivery": true,
          "IsForExpress": true,
          "ProductRestrictionMessage": null,
          "ProductWarningMessage": null,
          "CentreTag": {
            "TagContent": null,
            "TagLink": null,
            "FallbackText": null,
            "TagType": "None",
            "MultibuyData": null,
            "MemberPriceData": null,
            "FFPVMemberPriceData": null,
            "TagContentText": null,
            "DualImageTagContent": null,
            "PromotionType": "NOT_SET",
            "IsRegisteredRewardCardPromotion": false
          },
          "IsCentreTag": false,
          "ImageTag": {
            "TagContent": null,
            "TagLink": null,
            "FallbackText": "",
            "TagType": "Image",
            "MultibuyData": null,
            "MemberPriceData": null,
            "FFPVMemberPriceData": null,
            "TagContentText": null,
            "DualImageTagContent": null,
            "PromotionType": "NOT_SET",
            "IsRegisteredRewardCardPromotion": false
          },
          "HeaderTag": {
            "BackgroundColor": "#c20016",
            "BorderColor": "#c20016",
            "TextColor": "#fff",
            "Content": "EVERYDAY LOW PRICE",
            "PromotionName": null,
            "TagLink": null,
            "Promotion": "LowPrice",
            "IncrementalSavingsAmount": null
          },
          "HasHeaderTag": true,
          "UnitWeightInGrams": 0,
          "SupplyLimitMessage": "'Woolworths Whole Baby Carrots Baby' has a supply limit of 27. The quantity in your cart has been reduced accordingly. To purchase a larger quantity, please contact us on 1800 000 610. Please note we do not supply trade orders.",
          "SmallFormatDescription": "Woolworths Whole Baby Carrots Baby",
          "FullDescription": "Woolworths Whole Baby Carrots Baby",
          "IsAvailable": true,
          "InstoreIsAvailable": true,
          "IsPurchasable": true,
          "InstoreIsPurchasable": true,
          "AgeRestricted": false,
          "DisplayQuantity": 1,
          "RichDescription": null,
          "HideWasSavedPrice": false,
          "SapCategories": null,
          "Brand": "Woolworths",
          "IsRestrictedByDeliveryMethod": false,
          "FooterTag": {
            "TagContent": "Lower Price Always",
            "TagLink": null,
            "FallbackText": null,
            "TagType": "Html",
            "MultibuyData": null,
            "MemberPriceData": null,
            "FFPVMemberPriceData": null,
            "TagContentText": null,
            "DualImageTagContent": null,
            "PromotionType": "NOT_SET",
            "IsRegisteredRewardCardPromotion": false
          },
          "IsFooterEnabled": true,
          "Diagnostics": "19",
          "IsBundle": false,
          "IsInFamily": false,
          "ChildProducts": null,
          "UrlOverride": null,
          "AdditionalAttributes": {
            "boxedcontents": null,
            "addedvitaminsandminerals": "False",
            "sapdepartmentname": "GROCERIES",
            "spf": null,
            "haircolour": null,
            "lifestyleanddietarystatement": "Gluten Free,Low Fat,Low Saturated Fat,Low Sugar,Vegan,Vegetarian",
            "sapcategoryname": "CANNED VEGETABLES",
            "skintype": null,
            "importantinformation": null,
            "allergystatement": "Dairy Free,Egg Free,Fish Free,Gluten Free,Lactose Free,No Artificial Colours or Flavours,No Artificial Preservatives,Soy Free,Wheat Free",
            "productdepthmm": null,
            "skincondition": null,
            "ophthalmologistapproved": null,
            "healthstarrating": "5",
            "hairtype": null,
            "fragrance-free": null,
            "sapsegmentname": "VEGETABLES OTHER",
            "suitablefor": null,
            "PiesProductDepartmentsjson": "[{\"Id\":\"1_39FD49C\",\"Description\":\"Pantry\"}]",
            "piessubcategorynamesjson": "[\"Canned Beans & Legumes\",\"Canned Vegetables\"]",
            "sapsegmentno": "17",
            "productwidthmm": null,
            "contains": null,
            "sapsubcategoryname": "CANNED VEGETABLES",
            "dermatologisttested": null,
            "wool_productpackaging": null,
            "dermatologicallyapproved": null,
            "specialsgroupid": null,
            "productimages": "218900.jpg,218900_1.jpg,218900_3.jpg",
            "productheightmm": null,
            "r&r_hidereviews": null,
            "microwavesafe": "False",
            "paba-free": null,
            "lifestyleclaim": null,
            "alcoholfree": null,
            "tgawarning": null,
            "activeconstituents": null,
            "microwaveable": "False",
            "soap-free": null,
            "countryoforigin": null,
            "isexcludedfromsubstitution": "False",
            "productimagecount": "3",
            "r&r_loggedinreviews": null,
            "anti-dandruff": null,
            "servingsize-total-nip": null,
            "tgahealthwarninglink": null,
            "allergenmaybepresent": null,
            "PiesProductDepartmentNodeId": "1_39FD49C",
            "parabenfree": "False",
            "vendorarticleid": null,
            "containsgluten": "False",
            "containsnuts": "False",
            "ingredients": "Baby Carrots (60%), Water, Sugar, Salt",
            "colour": null,
            "manufacturer": null,
            "sapcategoryno": "71",
            "storageinstructions": "Store in a cool, dry place. Once opened, empty contents into an airtight container, refrigerate at 1-4C and use within 1 days. <br>",
            "tgawarnings": null,
            "piesdepartmentnamesjson": "[\"Pantry\"]",
            "brand": "select",
            "oilfree": null,
            "fragrance": null,
            "antibacterial": "False",
            "non-comedogenic": null,
            "antiseptic": "False",
            "bpafree": "False",
            "vendorcostprice": null,
            "description": "1 serve of vegetables = 1/2 a cup1 1 One serve of vegetables is approximately 75g. Australian Dietary Guidelines recommend 5 serves from a variety of vegetables per day.",
            "sweatresistant": null,
            "sapsubcategoryno": "827",
            "antioxidant": "False",
            "claims": null,
            "phbalanced": null,
            "wool_dietaryclaim": null,
            "ophthalmologisttested": null,
            "sulfatefree": "False",
            "piescategorynamesjson": "[\"Canned Food & Instant Meals\"]",
            "servingsperpack-total-nip": null,
            "nutritionalinformation": "{\"Name\":\"Nutritional Information\",\"Attributes\":[{\"Id\":702,\"Name\":\"Calcium Quantity Per 100g - Total - NIP\",\"Value\":\"43mg\",\"Description\":\"Calcium Quantity Per 100g - Total - NIP\",\"SortOrder\":71},{\"Id\":47,\"Name\":\"Calcium Quantity Per Serve - Total - NIP\",\"Value\":\"32.25mg\",\"Description\":\"Calcium Quantity Per Serve - Total - NIP\",\"SortOrder\":75},{\"Id\":705,\"Name\":\"Carbohydrate Quantity Per 100g - Total - NIP\",\"Value\":\"Approx. 4.8g\",\"Description\":\"Carbohydrate Quantity Per 100g - Total - NIP\",\"SortOrder\":83},{\"Id\":706,\"Name\":\"Carbohydrate Quantity Per Serve - Total - NIP\",\"Value\":\"Approx. 3.6g\",\"Description\":\"Carbohydrate Quantity Per Serve - Total - NIP\",\"SortOrder\":87},{\"Id\":191,\"Name\":\"Dietary Fibre Quantity Per 100g - Total - NIP\",\"Value\":\"Approx. 1.7g\",\"Description\":\"Dietary Fibre Quantity Per 100g - Total - NIP\",\"SortOrder\":175},{\"Id\":120,\"Name\":\"Dietary Fibre Quantity Per Serve - Total - NIP\",\"Value\":\"Approx. 1.3g\",\"Description\":\"Dietary Fibre Quantity Per Serve - Total - NIP\",\"SortOrder\":179},{\"Id\":759,\"Name\":\"Energy kJ Quantity Per 100g - Total - NIP\",\"Value\":\"Approx. 126.0kJ\",\"Description\":\"Energy kJ Quantity Per 100g - Total - NIP\",\"SortOrder\":239},{\"Id\":760,\"Name\":\"Energy kJ Quantity Per Serve - Total - NIP\",\"Value\":\"Approx. 95.0kJ\",\"Description\":\"Energy kJ Quantity Per Serve - Total - NIP\",\"SortOrder\":243},{\"Id\":253,\"Name\":\"Fat Saturated Quantity Per 100g - Total - NIP\",\"Value\":\"Approx. 0.1g\",\"Description\":\"Fat Saturated Quantity Per 100g - Total - NIP\",\"SortOrder\":251},{\"Id\":258,\"Name\":\"Fat Saturated Quantity Per Serve - Total - NIP\",\"Value\":\"Approx. 0.1g\",\"Description\":\"Fat Saturated Quantity Per Serve - Total - NIP\",\"SortOrder\":255},{\"Id\":764,\"Name\":\"Fat Total Quantity Per 100g - Total - NIP\",\"Value\":\"Approx. 0.6g\",\"Description\":\"Fat Total Quantity Per 100g - Total - NIP\",\"SortOrder\":263},{\"Id\":166,\"Name\":\"Fat Total Quantity Per 100g - ValueWord - NIP\",\"Value\":\"0.6\",\"Description\":\"Fat Total Quantity Per 100g - ValueWord - NIP\",\"SortOrder\":264},{\"Id\":264,\"Name\":\"Fat Total Quantity Per Serve - Total - NIP\",\"Value\":\"Approx. 0.5g\",\"Description\":\"Fat Total Quantity Per Serve - Total - NIP\",\"SortOrder\":267},{\"Id\":402,\"Name\":\"Monounsaturated Quantity Per 100g - Total - NIP\",\"Value\":\"0.0g\",\"Description\":\"Monounsaturated Quantity Per 100g - Total - NIP\",\"SortOrder\":479},{\"Id\":834,\"Name\":\"Monounsaturated Quantity Per Serve - Total - NIP\",\"Value\":\"0.0g\",\"Description\":\"Monounsaturated Quantity Per Serve - Total - NIP\",\"SortOrder\":483},{\"Id\":434,\"Name\":\"Polyunsaturated Quantity Per 100g - Total - NIP\",\"Value\":\"0.2g\",\"Description\":\"Polyunsaturated Quantity Per 100g - Total - NIP\",\"SortOrder\":563},{\"Id\":435,\"Name\":\"Polyunsaturated Quantity Per Serve - Total - NIP\",\"Value\":\"0.2g\",\"Description\":\"Polyunsaturated Quantity Per Serve - Total - NIP\",\"SortOrder\":567},{\"Id\":443,\"Name\":\"Potassium Quantity Per 100g - Total - NIP\",\"Value\":\"203mg\",\"Description\":\"Potassium Quantity Per 100g - Total - NIP\",\"SortOrder\":575},{\"Id\":493,\"Name\":\"Potassium Quantity Per Serve - Total - NIP\",\"Value\":\"152.25mg\",\"Description\":\"Potassium Quantity Per Serve - Total - NIP\",\"SortOrder\":579},{\"Id\":878,\"Name\":\"Protein Quantity Per 100g - Total - NIP\",\"Value\":\"Approx. 0.5g\",\"Description\":\"Protein Quantity Per 100g - Total - NIP\",\"SortOrder\":587},{\"Id\":882,\"Name\":\"Protein Quantity Per Serve - Total - NIP\",\"Value\":\"Approx. 0.4g\",\"Description\":\"Protein Quantity Per Serve - Total - NIP\",\"SortOrder\":591},{\"Id\":477,\"Name\":\"Serving Size - Total - NIP\",\"Value\":\"75.0g\",\"Description\":\"Serving Size - Total - NIP\",\"SortOrder\":607},{\"Id\":544,\"Name\":\"Servings Per Pack - Total - NIP\",\"Value\":\"3\",\"Description\":\"Servings Per Pack - Total - NIP\",\"SortOrder\":611},{\"Id\":491,\"Name\":\"Sodium Quantity Per 100g - Total - NIP\",\"Value\":\"Approx. 207.0mg\",\"Description\":\"Sodium Quantity Per 100g - Total - NIP\",\"SortOrder\":623},{\"Id\":495,\"Name\":\"Sodium Quantity Per Serve - Total - NIP\",\"Value\":\"Approx. 155.0mg\",\"Description\":\"Sodium Quantity Per Serve - Total - NIP\",\"SortOrder\":627},{\"Id\":907,\"Name\":\"Sugars Quantity Per 100g - Prefix - NIP\",\"Value\":\"Approx. \",\"Description\":\"Sugars Quantity Per 100g - Prefix - NIP\",\"SortOrder\":645},{\"Id\":908,\"Name\":\"Sugars Quantity Per 100g - SuffixUnits - NIP\",\"Value\":\"g\",\"Description\":\"Sugars Quantity Per 100g - SuffixUnits - NIP\",\"SortOrder\":646},{\"Id\":909,\"Name\":\"Sugars Quantity Per 100g - Total - NIP\",\"Value\":\"Approx. 2.6g\",\"Description\":\"Sugars Quantity Per 100g - Total - NIP\",\"SortOrder\":647},{\"Id\":910,\"Name\":\"Sugars Quantity Per 100g - ValueWord - NIP\",\"Value\":\"2.6\",\"Description\":\"Sugars Quantity Per 100g - ValueWord - NIP\",\"SortOrder\":648},{\"Id\":504,\"Name\":\"Sugars Quantity Per Serve - Prefix - NIP\",\"Value\":\"Approx. \",\"Description\":\"Sugars Quantity Per Serve - Prefix - NIP\",\"SortOrder\":649},{\"Id\":911,\"Name\":\"Sugars Quantity Per Serve - SuffixUnits - NIP\",\"Value\":\"g\",\"Description\":\"Sugars Quantity Per Serve - SuffixUnits - NIP\",\"SortOrder\":650},{\"Id\":912,\"Name\":\"Sugars Quantity Per Serve - Total - NIP\",\"Value\":\"Approx. 1.9g\",\"Description\":\"Sugars Quantity Per Serve - Total - NIP\",\"SortOrder\":651},{\"Id\":572,\"Name\":\"Sugars Quantity Per Serve - ValueWord - NIP\",\"Value\":\"1.9\",\"Description\":\"Sugars Quantity Per Serve - ValueWord - NIP\",\"SortOrder\":652},{\"Id\":593,\"Name\":\"Trans Quantity Per 100g - Total - NIP\",\"Value\":\"0.0g\",\"Description\":\"Trans Quantity Per 100g - Total - NIP\",\"SortOrder\":667},{\"Id\":510,\"Name\":\"Trans Quantity Per Serve - Total - NIP\",\"Value\":\"0.0g\",\"Description\":\"Trans Quantity Per Serve - Total - NIP\",\"SortOrder\":671}]}",
            "ovencook": "False",
            "vegetarian": "False",
            "hypo-allergenic": null,
            "timer": null,
            "dermatologistrecommended": null,
            "sapdepartmentno": "5",
            "allergencontains": null,
            "waterresistant": null,
            "friendlydisclaimer": null,
            "recyclableinformation": null,
            "usageinstructions": null,
            "freezable": "False"
          },
          "DetailsImagePaths": [
            "https://cdn0.woolworths.media/content/wowproductimages/large/218900.jpg"
          ],
          "Variety": "Baby",
          "Rating": {
            "ReviewCount": 0,
            "RatingCount": 0,
            "RatingSum": 0,
            "OneStarCount": 0,
            "TwoStarCount": 0,
            "ThreeStarCount": 0,
            "FourStarCount": 0,
            "FiveStarCount": 0,
            "Average": 0,
            "OneStarPercentage": 0,
            "TwoStarPercentage": 0,
            "ThreeStarPercentage": 0,
            "FourStarPercentage": 0,
            "FiveStarPercentage": 0
          },
          "HasProductSubs": false,
          "IsSponsoredAd": false,
          "AdID": null,
          "AdIndex": null,
          "AdStatus": null,
          "IsMarketProduct": false,
          "IsGiftable": false,
          "Vendor": null,
          "Untraceable": false,
          "ThirdPartyProductInfo": null,
          "MarketFeatures": null,
          "MarketSpecifications": null,
          "SupplyLimitSource": "StockQuantity",
          "Tags": [
            {
              "Content": {
                "Type": "Label",
                "Position": "Top",
                "Attributes": {
                  "Text": "EVERYDAY LOW PRICE",
                  "Promotion": "LowPrice",
                  "BackgroundColor": "#c20016",
                  "BorderColor": "#c20016",
                  "TextColor": "#fff"
                },
                "FFPVAttributes": null
              },
              "TemplateId": null,
              "Metadata": null
            }
          ],
          "IsPersonalisedByPurchaseHistory": false,
          "IsFromFacetedSearch": false,
          "NextAvailabilityDate": "2026-01-26T00:00:00.0000000Z",
          "NumberOfSubstitutes": 0,
          "IsPrimaryVariant": false,
          "VariantGroupId": 0,
          "HasVariants": false,
          "VariantTitle": null,
          "IsTobacco": false,
          "IsFreeShipping": null,
          "FulfilmentStoreId": 1101,
          "B2BExtendedRange": null,
          "OfferId": null,
          "BundleProductGroups": null
        }
      ],
      "Name": "Woolworths Whole Baby Carrots Baby",
      "DisplayName": "Woolworths Whole Baby Carrots 410g"
    },
    {
      "Products": [
        {
          "TileID": 21,
          "Stockcode": 54233,
          "Barcode": "9310174006236",
          "GtinFormat": 13,
          "CupPrice": 9,
          "InstoreCupPrice": 9,
          "CupMeasure": "1KG",
          "CupString": "$9.00 / 1KG",
          "InstoreCupString": "$9.00 / 1KG",
          "HasCupPrice": true,
          "InstoreHasCupPrice": true,
          "Price": 4.5,
          "IncrementalPrice": null,
          "IncrementalWasPrice": null,
          "IncrementalMinimumQuantity": null,
          "IncrementalMinimumQuantityUnit": "g",
          "PricePerKGLabel": "Price per Kg charged",
          "MinWeightPrice": null,
          "MaxWeightPrice": null,
          "InstorePrice": 4.5,
          "Name": "McCain Mixed Vegetables Peas Corn & Carrot",
          "DisplayName": "McCain Mixed Vegetables Peas Corn & Carrot 500g",
          "UrlFriendlyName": "mccain-mixed-vegetables-peas-corn-carrot",
          "Description": " McCain Mixed Vegetables Peas<br>Corn & Carrot 500g",
          "SmallImageFile": "https://cdn0.woolworths.media/content/wowproductimages/small/054233.jpg",
          "MediumImageFile": "https://cdn0.woolworths.media/content/wowproductimages/medium/054233.jpg",
          "LargeImageFile": "https://cdn0.woolworths.media/content/wowproductimages/large/054233.jpg",
          "IsNew": false,
          "IsHalfPrice": false,
          "IsOnlineOnly": false,
          "IsOnSpecial": false,
          "InstoreIsOnSpecial": false,
          "IsEdrSpecial": false,
          "SavingsAmount": 0.0,
          "InstoreSavingsAmount": 0.0,
          "WasPrice": 4.5,
          "InstoreWasPrice": 4.5,
          "QuantityInTrolley": 0,
          "Unit": "Each",
          "MinimumQuantity": 1,
          "HasBeenBoughtBefore": false,
          "IsInTrolley": false,
          "Source": "SearchServiceSearchProducts",
          "SupplyLimit": 36,
          "ProductLimit": 36,
          "MaxSupplyLimitMessage": "36 item limit",
          "IsRanged": true,
          "IsInStock": true,
          "PackageSize": "500g",
          "IsPmDelivery": false,
          "IsForCollection": true,
          "IsForDelivery": true,
          "IsForExpress": true,
          "ProductRestrictionMessage": "Freezer Items for Remote Stores",
          "ProductWarningMessage": "Freezer Items for Remote Stores",
          "CentreTag": {
            "TagContent": null,
            "TagLink": null,
            "FallbackText": null,
            "TagType": "None",
            "MultibuyData": null,
            "MemberPriceData": null,
            "FFPVMemberPriceData": null,
            "TagContentText": null,
            "DualImageTagContent": null,
            "PromotionType": "NOT_SET",
            "IsRegisteredRewardCardPromotion": false
          },
          "IsCentreTag": false,
          "ImageTag": {
            "TagContent": null,
            "TagLink": null,
            "FallbackText": "",
            "TagType": "Image",
            "MultibuyData": null,
            "MemberPriceData": null,
            "FFPVMemberPriceData": null,
            "TagContentText": null,
            "DualImageTagContent": null,
            "PromotionType": "NOT_SET",
            "IsRegisteredRewardCardPromotion": false
          },
          "HeaderTag": null,
          "HasHeaderTag": false,
          "UnitWeightInGrams": 0,
          "SupplyLimitMessage": "'McCain Mixed Vegetables Peas Corn & Carrot' has a supply limit of 36. The quantity in your cart has been reduced accordingly. To purchase a larger quantity, please contact us on 1800 000 610. Please note we do not supply trade orders.",
          "SmallFormatDescription": "McCain Mixed Vegetables Peas Corn & Carrot",
          "FullDescription": "McCain Mixed Vegetables Peas Corn & Carrot",
          "IsAvailable": true,
          "InstoreIsAvailable": true,
          "IsPurchasable": true,
          "InstoreIsPurchasable": true,
          "AgeRestricted": false,
          "DisplayQuantity": 1,
          "RichDescription": null,
          "HideWasSavedPrice": false,
          "SapCategories": null,
          "Brand": "McCain",
          "IsRestrictedByDeliveryMethod": false,
          "FooterTag": {
            "TagContent": null,
            "TagLink": null,
            "FallbackText": null,
            "TagType": "None",
            "MultibuyData": null,
            "MemberPriceData": null,
            "FFPVMemberPriceData": null,
            "TagContentText": null,
            "DualImageTagContent": null,
            "PromotionType": "NOT_SET",
            "IsRegisteredRewardCardPromotion": false
          },
          "IsFooterEnabled": false,
          "Diagnostics": "20",
          "IsBundle": false,
          "IsInFamily": false,
          "ChildProducts": null,
          "UrlOverride": null,
          "AdditionalAttributes": {
            "boxedcontents": null,
            "addedvitaminsandminerals": "False",
            "sapdepartmentname": "GROCERIES",
            "spf": null,
            "haircolour": null,
            "lifestyleanddietarystatement": "Gluten Free,High Fibre,Low Fat,Low Salt,Source of Fibre,Vegan,Vegetarian",
            "sapcategoryname": "FROZEN MEALS",
            "skintype": null,
            "importantinformation": null,
            "allergystatement": "Dairy Free,Egg Free,Fish Free,Gluten Free,Lactose Free,Soy Free,Wheat Free",
            "productdepthmm": null,
            "skincondition": null,
            "ophthalmologistapproved": null,
            "healthstarrating": "5",
            "hairtype": null,
            "fragrance-free": null,
            "sapsegmentname": "MIXED VEGETABLES",
            "suitablefor": null,
            "PiesProductDepartmentsjson": "[{\"Id\":\"1_ACA2FC2\",\"Description\":\"Freezer\"}]",
            "piessubcategorynamesjson": "[\"Gluten Free\",\"Mixed Vegetables\"]",
            "sapsegmentno": "12",
            "productwidthmm": null,
            "contains": null,
            "sapsubcategoryname": "FREEZER - VEGETABLES",
            "dermatologisttested": null,
            "wool_productpackaging": null,
            "dermatologicallyapproved": null,
            "specialsgroupid": null,
            "productimages": "54233.jpg,54233_8.jpg",
            "productheightmm": null,
            "r&r_hidereviews": null,
            "microwavesafe": "False",
            "paba-free": null,
            "lifestyleclaim": null,
            "alcoholfree": null,
            "tgawarning": null,
            "activeconstituents": null,
            "microwaveable": "False",
            "soap-free": null,
            "countryoforigin": null,
            "isexcludedfromsubstitution": "False",
            "productimagecount": "2",
            "r&r_loggedinreviews": null,
            "anti-dandruff": null,
            "servingsize-total-nip": null,
            "tgahealthwarninglink": null,
            "allergenmaybepresent": null,
            "PiesProductDepartmentNodeId": "1_ACA2FC2",
            "parabenfree": "False",
            "vendorarticleid": null,
            "containsgluten": "False",
            "containsnuts": "False",
            "ingredients": "Carrots, peas, super juicy corn kernels.",
            "colour": null,
            "manufacturer": null,
            "sapcategoryno": "97",
            "storageinstructions": "Keep frozen at or below minus 18°C.\nDo not thaw before cooking.\nProduct must be cooked before consumption.",
            "tgawarnings": null,
            "piesdepartmentnamesjson": "[\"Freezer\"]",
            "brand": "mccain",
            "oilfree": null,
            "fragrance": null,
            "antibacterial": "False",
            "non-comedogenic": null,
            "antiseptic": "False",
            "bpafree": "False",
            "vendorcostprice": null,
            "description": "Frozen green peas, carrots and delicious sweet corn kernels, picked for perfection & snap frozen at their freshest.",
            "sweatresistant": null,
            "sapsubcategoryno": "103",
            "antioxidant": "False",
            "claims": null,
            "phbalanced": null,
            "wool_dietaryclaim": null,
            "ophthalmologisttested": null,
            "sulfatefree": "False",
            "piescategorynamesjson": "[\"Frozen Gluten Free\",\"Frozen Vegetables\"]",
            "servingsperpack-total-nip": null,
            "nutritionalinformation": "{\"Name\":\"Nutritional Information\",\"Attributes\":[{\"Id\":705,\"Name\":\"Carbohydrate Quantity Per 100g - Total - NIP\",\"Value\":\"12.5g\",\"Description\":\"Carbohydrate Quantity Per 100g - Total - NIP\",\"SortOrder\":83},{\"Id\":706,\"Name\":\"Carbohydrate Quantity Per Serve - Total - NIP\",\"Value\":\"12.5g\",\"Description\":\"Carbohydrate Quantity Per Serve - Total - NIP\",\"SortOrder\":87},{\"Id\":191,\"Name\":\"Dietary Fibre Quantity Per 100g - Total - NIP\",\"Value\":\"4.0g\",\"Description\":\"Dietary Fibre Quantity Per 100g - Total - NIP\",\"SortOrder\":175},{\"Id\":120,\"Name\":\"Dietary Fibre Quantity Per Serve - Total - NIP\",\"Value\":\"4.0g\",\"Description\":\"Dietary Fibre Quantity Per Serve - Total - NIP\",\"SortOrder\":179},{\"Id\":759,\"Name\":\"Energy kJ Quantity Per 100g - Total - NIP\",\"Value\":\"334.0kJ\",\"Description\":\"Energy kJ Quantity Per 100g - Total - NIP\",\"SortOrder\":239},{\"Id\":760,\"Name\":\"Energy kJ Quantity Per Serve - Total - NIP\",\"Value\":\"334.0kJ\",\"Description\":\"Energy kJ Quantity Per Serve - Total - NIP\",\"SortOrder\":243},{\"Id\":253,\"Name\":\"Fat Saturated Quantity Per 100g - Total - NIP\",\"Value\":\"0.2g\",\"Description\":\"Fat Saturated Quantity Per 100g - Total - NIP\",\"SortOrder\":251},{\"Id\":258,\"Name\":\"Fat Saturated Quantity Per Serve - Total - NIP\",\"Value\":\"0.2g\",\"Description\":\"Fat Saturated Quantity Per Serve - Total - NIP\",\"SortOrder\":255},{\"Id\":764,\"Name\":\"Fat Total Quantity Per 100g - Total - NIP\",\"Value\":\"1.0g\",\"Description\":\"Fat Total Quantity Per 100g - Total - NIP\",\"SortOrder\":263},{\"Id\":166,\"Name\":\"Fat Total Quantity Per 100g - ValueWord - NIP\",\"Value\":\"1.0\",\"Description\":\"Fat Total Quantity Per 100g - ValueWord - NIP\",\"SortOrder\":264},{\"Id\":264,\"Name\":\"Fat Total Quantity Per Serve - Total - NIP\",\"Value\":\"1.0g\",\"Description\":\"Fat Total Quantity Per Serve - Total - NIP\",\"SortOrder\":267},{\"Id\":834,\"Name\":\"Monounsaturated Quantity Per Serve - Total - NIP\",\"Value\":\"0.02g\",\"Description\":\"Monounsaturated Quantity Per Serve - Total - NIP\",\"SortOrder\":483},{\"Id\":435,\"Name\":\"Polyunsaturated Quantity Per Serve - Total - NIP\",\"Value\":\"0.04g\",\"Description\":\"Polyunsaturated Quantity Per Serve - Total - NIP\",\"SortOrder\":567},{\"Id\":493,\"Name\":\"Potassium Quantity Per Serve - Total - NIP\",\"Value\":\"259mg\",\"Description\":\"Potassium Quantity Per Serve - Total - NIP\",\"SortOrder\":579},{\"Id\":878,\"Name\":\"Protein Quantity Per 100g - Total - NIP\",\"Value\":\"3.1g\",\"Description\":\"Protein Quantity Per 100g - Total - NIP\",\"SortOrder\":587},{\"Id\":882,\"Name\":\"Protein Quantity Per Serve - Total - NIP\",\"Value\":\"3.1g\",\"Description\":\"Protein Quantity Per Serve - Total - NIP\",\"SortOrder\":591},{\"Id\":477,\"Name\":\"Serving Size - Total - NIP\",\"Value\":\"100.0 G\",\"Description\":\"Serving Size - Total - NIP\",\"SortOrder\":607},{\"Id\":544,\"Name\":\"Servings Per Pack - Total - NIP\",\"Value\":\"5.0\",\"Description\":\"Servings Per Pack - Total - NIP\",\"SortOrder\":611},{\"Id\":491,\"Name\":\"Sodium Quantity Per 100g - Total - NIP\",\"Value\":\"35.0mg\",\"Description\":\"Sodium Quantity Per 100g - Total - NIP\",\"SortOrder\":623},{\"Id\":495,\"Name\":\"Sodium Quantity Per Serve - Total - NIP\",\"Value\":\"35.0mg\",\"Description\":\"Sodium Quantity Per Serve - Total - NIP\",\"SortOrder\":627},{\"Id\":908,\"Name\":\"Sugars Quantity Per 100g - SuffixUnits - NIP\",\"Value\":\"g\",\"Description\":\"Sugars Quantity Per 100g - SuffixUnits - NIP\",\"SortOrder\":646},{\"Id\":909,\"Name\":\"Sugars Quantity Per 100g - Total - NIP\",\"Value\":\"5.6g\",\"Description\":\"Sugars Quantity Per 100g - Total - NIP\",\"SortOrder\":647},{\"Id\":910,\"Name\":\"Sugars Quantity Per 100g - ValueWord - NIP\",\"Value\":\"5.6\",\"Description\":\"Sugars Quantity Per 100g - ValueWord - NIP\",\"SortOrder\":648},{\"Id\":911,\"Name\":\"Sugars Quantity Per Serve - SuffixUnits - NIP\",\"Value\":\"g\",\"Description\":\"Sugars Quantity Per Serve - SuffixUnits - NIP\",\"SortOrder\":650},{\"Id\":912,\"Name\":\"Sugars Quantity Per Serve - Total - NIP\",\"Value\":\"5.6g\",\"Description\":\"Sugars Quantity Per Serve - Total - NIP\",\"SortOrder\":651},{\"Id\":572,\"Name\":\"Sugars Quantity Per Serve - ValueWord - NIP\",\"Value\":\"5.6\",\"Description\":\"Sugars Quantity Per Serve - ValueWord - NIP\",\"SortOrder\":652},{\"Id\":510,\"Name\":\"Trans Quantity Per Serve - Total - NIP\",\"Value\":\"0.06mg\",\"Description\":\"Trans Quantity Per Serve - Total - NIP\",\"SortOrder\":671}]}",
            "ovencook": "False",
            "vegetarian": "False",
            "hypo-allergenic": null,
            "timer": null,
            "dermatologistrecommended": null,
            "sapdepartmentno": "5",
            "allergencontains": null,
            "waterresistant": null,
            "friendlydisclaimer": null,
            "recyclableinformation": null,
            "usageinstructions": null,
            "freezable": "False"
          },
          "DetailsImagePaths": [
            "https://cdn0.woolworths.media/content/wowproductimages/large/054233.jpg"
          ],
          "Variety": "Peas Corn & Carrot",
          "Rating": {
            "ReviewCount": 0,
            "RatingCount": 0,
            "RatingSum": 0,
            "OneStarCount": 0,
            "TwoStarCount": 0,
            "ThreeStarCount": 0,
            "FourStarCount": 0,
            "FiveStarCount": 0,
            "Average": 0,
            "OneStarPercentage": 0,
            "TwoStarPercentage": 0,
            "ThreeStarPercentage": 0,
            "FourStarPercentage": 0,
            "FiveStarPercentage": 0
          },
          "HasProductSubs": false,
          "IsSponsoredAd": false,
          "AdID": null,
          "AdIndex": null,
          "AdStatus": null,
          "IsMarketProduct": false,
          "IsGiftable": false,
          "Vendor": null,
          "Untraceable": false,
          "ThirdPartyProductInfo": null,
          "MarketFeatures": null,
          "MarketSpecifications": null,
          "SupplyLimitSource": "ProductLimit",
          "Tags": null,
          "IsPersonalisedByPurchaseHistory": false,
          "IsFromFacetedSearch": false,
          "NextAvailabilityDate": "2026-01-26T00:00:00.0000000Z",
          "NumberOfSubstitutes": 0,
          "IsPrimaryVariant": false,
          "VariantGroupId": 0,
          "HasVariants": false,
          "VariantTitle": null,
          "IsTobacco": false,
          "IsFreeShipping": null,
          "FulfilmentStoreId": 1101,
          "B2BExtendedRange": null,
          "OfferId": null,
          "BundleProductGroups": null
        }
      ],
      "Name": "McCain Mixed Vegetables Peas Corn & Carrot",
      "DisplayName": "McCain Mixed Vegetables Peas Corn & Carrot 500g"
    },
    {
      "Products": [
        {
          "TileID": 22,
          "Stockcode": 768569,
          "Barcode": "9300633450427",
          "GtinFormat": 13,
          "CupPrice": 5,
          "InstoreCupPrice": 5,
          "CupMeasure": "1KG",
          "CupString": "$5.00 / 1KG",
          "InstoreCupString": "$5.00 / 1KG",
          "HasCupPrice": true,
          "InstoreHasCupPrice": true,
          "Price": 5,
          "IncrementalPrice": null,
          "IncrementalWasPrice": null,
          "IncrementalMinimumQuantity": null,
          "IncrementalMinimumQuantityUnit": "g",
          "PricePerKGLabel": "Price per Kg charged",
          "MinWeightPrice": null,
          "MaxWeightPrice": null,
          "InstorePrice": 5,
          "Name": "Woolworths Carrots Peas & Corn",
          "DisplayName": "Woolworths Carrots Peas & Corn 1kg",
          "UrlFriendlyName": "woolworths-carrots-peas-corn",
          "Description": " Woolworths Carrots Peas &<br>Corn 1kg",
          "SmallImageFile": "https://cdn0.woolworths.media/content/wowproductimages/small/768569.jpg",
          "MediumImageFile": "https://cdn0.woolworths.media/content/wowproductimages/medium/768569.jpg",
          "LargeImageFile": "https://cdn0.woolworths.media/content/wowproductimages/large/768569.jpg",
          "IsNew": false,
          "IsHalfPrice": false,
          "IsOnlineOnly": false,
          "IsOnSpecial": false,
          "InstoreIsOnSpecial": false,
          "IsEdrSpecial": false,
          "SavingsAmount": 0,
          "InstoreSavingsAmount": 0,
          "WasPrice": 5,
          "InstoreWasPrice": 5,
          "QuantityInTrolley": 0,
          "Unit": "Each",
          "MinimumQuantity": 1,
          "HasBeenBoughtBefore": false,
          "IsInTrolley": false,
          "Source": "SearchServiceSearchProducts",
          "SupplyLimit": 36,
          "ProductLimit": 36,
          "MaxSupplyLimitMessage": "36 item limit",
          "IsRanged": true,
          "IsInStock": true,
          "PackageSize": "1kg",
          "IsPmDelivery": false,
          "IsForCollection": true,
          "IsForDelivery": true,
          "IsForExpress": true,
          "ProductRestrictionMessage": "Freezer Items for Remote Stores",
          "ProductWarningMessage": "Freezer Items for Remote Stores",
          "CentreTag": {
            "TagContent": null,
            "TagLink": null,
            "FallbackText": null,
            "TagType": "None",
            "MultibuyData": null,
            "MemberPriceData": null,
            "FFPVMemberPriceData": null,
            "TagContentText": null,
            "DualImageTagContent": null,
            "PromotionType": "NOT_SET",
            "IsRegisteredRewardCardPromotion": false
          },
          "IsCentreTag": false,
          "ImageTag": {
            "TagContent": null,
            "TagLink": null,
            "FallbackText": "",
            "TagType": "Image",
            "MultibuyData": null,
            "MemberPriceData": null,
            "FFPVMemberPriceData": null,
            "TagContentText": null,
            "DualImageTagContent": null,
            "PromotionType": "NOT_SET",
            "IsRegisteredRewardCardPromotion": false
          },
          "HeaderTag": {
            "BackgroundColor": "#c20016",
            "BorderColor": "#c20016",
            "TextColor": "#fff",
            "Content": "EVERYDAY LOW PRICE",
            "PromotionName": null,
            "TagLink": null,
            "Promotion": "LowPrice",
            "IncrementalSavingsAmount": null
          },
          "HasHeaderTag": true,
          "UnitWeightInGrams": 0,
          "SupplyLimitMessage": "'Woolworths Carrots Peas & Corn' has a supply limit of 36. The quantity in your cart has been reduced accordingly. To purchase a larger quantity, please contact us on 1800 000 610. Please note we do not supply trade orders.",
          "SmallFormatDescription": "Woolworths Carrots Peas & Corn",
          "FullDescription": "Woolworths Carrots Peas & Corn",
          "IsAvailable": true,
          "InstoreIsAvailable": true,
          "IsPurchasable": true,
          "InstoreIsPurchasable": true,
          "AgeRestricted": false,
          "DisplayQuantity": 1,
          "RichDescription": null,
          "HideWasSavedPrice": false,
          "SapCategories": null,
          "Brand": "Woolworths",
          "IsRestrictedByDeliveryMethod": false,
          "FooterTag": {
            "TagContent": "Lower Price Always",
            "TagLink": null,
            "FallbackText": null,
            "TagType": "Html",
            "MultibuyData": null,
            "MemberPriceData": null,
            "FFPVMemberPriceData": null,
            "TagContentText": null,
            "DualImageTagContent": null,
            "PromotionType": "NOT_SET",
            "IsRegisteredRewardCardPromotion": false
          },
          "IsFooterEnabled": true,
          "Diagnostics": "21",
          "IsBundle": false,
          "IsInFamily": false,
          "ChildProducts": null,
          "UrlOverride": null,
          "AdditionalAttributes": {
            "boxedcontents": null,
            "addedvitaminsandminerals": "False",
            "sapdepartmentname": "GROCERIES",
            "spf": null,
            "haircolour": null,
            "lifestyleanddietarystatement": "Gluten Free,Low Fat,Low Salt,Low Sugar,Source of Fibre,Vegan,Vegetarian",
            "sapcategoryname": "FROZEN MEALS",
            "skintype": null,
            "importantinformation": null,
            "allergystatement": "Dairy Free,Egg Free,Fish Free,Gluten Free,Lactose Free,No Artificial Colours or Flavours,No Artificial Preservatives,Soy Free,Wheat Free",
            "productdepthmm": null,
            "skincondition": null,
            "ophthalmologistapproved": null,
            "healthstarrating": "5",
            "hairtype": null,
            "fragrance-free": null,
            "sapsegmentname": "MIXED VEGETABLES",
            "suitablefor": null,
            "PiesProductDepartmentsjson": "[{\"Id\":\"1_ACA2FC2\",\"Description\":\"Freezer\"}]",
            "piessubcategorynamesjson": "[\"Gluten Free\",\"Mixed Vegetables\"]",
            "sapsegmentno": "12",
            "productwidthmm": null,
            "contains": null,
            "sapsubcategoryname": "FREEZER - VEGETABLES",
            "dermatologisttested": null,
            "wool_productpackaging": null,
            "dermatologicallyapproved": null,
            "specialsgroupid": null,
            "productimages": "768569.jpg,768569_6.jpg",
            "productheightmm": null,
            "r&r_hidereviews": null,
            "microwavesafe": "False",
            "paba-free": null,
            "lifestyleclaim": null,
            "alcoholfree": null,
            "tgawarning": null,
            "activeconstituents": null,
            "microwaveable": "False",
            "soap-free": null,
            "countryoforigin": null,
            "isexcludedfromsubstitution": "False",
            "productimagecount": "2",
            "r&r_loggedinreviews": null,
            "anti-dandruff": null,
            "servingsize-total-nip": null,
            "tgahealthwarninglink": null,
            "allergenmaybepresent": null,
            "PiesProductDepartmentNodeId": "1_ACA2FC2",
            "parabenfree": "False",
            "vendorarticleid": null,
            "containsgluten": "False",
            "containsnuts": "False",
            "ingredients": "Carrot, Peas, Corn.",
            "colour": null,
            "manufacturer": null,
            "sapcategoryno": "97",
            "storageinstructions": null,
            "tgawarnings": null,
            "piesdepartmentnamesjson": "[\"Freezer\"]",
            "brand": "woolworths",
            "oilfree": null,
            "fragrance": null,
            "antibacterial": "False",
            "non-comedogenic": null,
            "antiseptic": "False",
            "bpafree": "False",
            "vendorcostprice": null,
            "description": "<p>The Woolworths range of frozen vegetables are snap frozen to lock in the freshness and flavour - a convenient and nutritious way to enjoy vegetables.</p>",
            "sweatresistant": null,
            "sapsubcategoryno": "103",
            "antioxidant": "False",
            "claims": null,
            "phbalanced": null,
            "wool_dietaryclaim": null,
            "ophthalmologisttested": null,
            "sulfatefree": "False",
            "piescategorynamesjson": "[\"Frozen Gluten Free\",\"Frozen Vegetables\"]",
            "servingsperpack-total-nip": null,
            "nutritionalinformation": "{\"Name\":\"Nutritional Information\",\"Attributes\":[{\"Id\":705,\"Name\":\"Carbohydrate Quantity Per 100g - Total - NIP\",\"Value\":\"9.0g\",\"Description\":\"Carbohydrate Quantity Per 100g - Total - NIP\",\"SortOrder\":83},{\"Id\":706,\"Name\":\"Carbohydrate Quantity Per Serve - Total - NIP\",\"Value\":\"6.8g\",\"Description\":\"Carbohydrate Quantity Per Serve - Total - NIP\",\"SortOrder\":87},{\"Id\":191,\"Name\":\"Dietary Fibre Quantity Per 100g - Total - NIP\",\"Value\":\"3.6g\",\"Description\":\"Dietary Fibre Quantity Per 100g - Total - NIP\",\"SortOrder\":175},{\"Id\":120,\"Name\":\"Dietary Fibre Quantity Per Serve - Total - NIP\",\"Value\":\"2.7g\",\"Description\":\"Dietary Fibre Quantity Per Serve - Total - NIP\",\"SortOrder\":179},{\"Id\":759,\"Name\":\"Energy kJ Quantity Per 100g - Total - NIP\",\"Value\":\"248.0kJ\",\"Description\":\"Energy kJ Quantity Per 100g - Total - NIP\",\"SortOrder\":239},{\"Id\":760,\"Name\":\"Energy kJ Quantity Per Serve - Total - NIP\",\"Value\":\"186.0kJ\",\"Description\":\"Energy kJ Quantity Per Serve - Total - NIP\",\"SortOrder\":243},{\"Id\":253,\"Name\":\"Fat Saturated Quantity Per 100g - Total - NIP\",\"Value\":\"1.0g\",\"Description\":\"Fat Saturated Quantity Per 100g - Total - NIP\",\"SortOrder\":251},{\"Id\":258,\"Name\":\"Fat Saturated Quantity Per Serve - Total - NIP\",\"Value\":\"< 0.8g\",\"Description\":\"Fat Saturated Quantity Per Serve - Total - NIP\",\"SortOrder\":255},{\"Id\":764,\"Name\":\"Fat Total Quantity Per 100g - Total - NIP\",\"Value\":\"1.0g\",\"Description\":\"Fat Total Quantity Per 100g - Total - NIP\",\"SortOrder\":263},{\"Id\":166,\"Name\":\"Fat Total Quantity Per 100g - ValueWord - NIP\",\"Value\":\"1.0\",\"Description\":\"Fat Total Quantity Per 100g - ValueWord - NIP\",\"SortOrder\":264},{\"Id\":264,\"Name\":\"Fat Total Quantity Per Serve - Total - NIP\",\"Value\":\"< 0.8g\",\"Description\":\"Fat Total Quantity Per Serve - Total - NIP\",\"SortOrder\":267},{\"Id\":834,\"Name\":\"Monounsaturated Quantity Per Serve - Total - NIP\",\"Value\":\"0.02g\",\"Description\":\"Monounsaturated Quantity Per Serve - Total - NIP\",\"SortOrder\":483},{\"Id\":435,\"Name\":\"Polyunsaturated Quantity Per Serve - Total - NIP\",\"Value\":\"0.03g\",\"Description\":\"Polyunsaturated Quantity Per Serve - Total - NIP\",\"SortOrder\":567},{\"Id\":493,\"Name\":\"Potassium Quantity Per Serve - Total - NIP\",\"Value\":\"194.25mg\",\"Description\":\"Potassium Quantity Per Serve - Total - NIP\",\"SortOrder\":579},{\"Id\":878,\"Name\":\"Protein Quantity Per 100g - Total - NIP\",\"Value\":\"2.8g\",\"Description\":\"Protein Quantity Per 100g - Total - NIP\",\"SortOrder\":587},{\"Id\":882,\"Name\":\"Protein Quantity Per Serve - Total - NIP\",\"Value\":\"2.1g\",\"Description\":\"Protein Quantity Per Serve - Total - NIP\",\"SortOrder\":591},{\"Id\":477,\"Name\":\"Serving Size - Total - NIP\",\"Value\":\"75.0 G\",\"Description\":\"Serving Size - Total - NIP\",\"SortOrder\":607},{\"Id\":544,\"Name\":\"Servings Per Pack - Total - NIP\",\"Value\":\"13.0\",\"Description\":\"Servings Per Pack - Total - NIP\",\"SortOrder\":611},{\"Id\":491,\"Name\":\"Sodium Quantity Per 100g - Total - NIP\",\"Value\":\"29.0mg\",\"Description\":\"Sodium Quantity Per 100g - Total - NIP\",\"SortOrder\":623},{\"Id\":495,\"Name\":\"Sodium Quantity Per Serve - Total - NIP\",\"Value\":\"22.0mg\",\"Description\":\"Sodium Quantity Per Serve - Total - NIP\",\"SortOrder\":627},{\"Id\":908,\"Name\":\"Sugars Quantity Per 100g - SuffixUnits - NIP\",\"Value\":\"g\",\"Description\":\"Sugars Quantity Per 100g - SuffixUnits - NIP\",\"SortOrder\":646},{\"Id\":909,\"Name\":\"Sugars Quantity Per 100g - Total - NIP\",\"Value\":\"3.6g\",\"Description\":\"Sugars Quantity Per 100g - Total - NIP\",\"SortOrder\":647},{\"Id\":910,\"Name\":\"Sugars Quantity Per 100g - ValueWord - NIP\",\"Value\":\"3.6\",\"Description\":\"Sugars Quantity Per 100g - ValueWord - NIP\",\"SortOrder\":648},{\"Id\":911,\"Name\":\"Sugars Quantity Per Serve - SuffixUnits - NIP\",\"Value\":\"g\",\"Description\":\"Sugars Quantity Per Serve - SuffixUnits - NIP\",\"SortOrder\":650},{\"Id\":912,\"Name\":\"Sugars Quantity Per Serve - Total - NIP\",\"Value\":\"2.7g\",\"Description\":\"Sugars Quantity Per Serve - Total - NIP\",\"SortOrder\":651},{\"Id\":572,\"Name\":\"Sugars Quantity Per Serve - ValueWord - NIP\",\"Value\":\"2.7\",\"Description\":\"Sugars Quantity Per Serve - ValueWord - NIP\",\"SortOrder\":652},{\"Id\":510,\"Name\":\"Trans Quantity Per Serve - Total - NIP\",\"Value\":\"0.05mg\",\"Description\":\"Trans Quantity Per Serve - Total - NIP\",\"SortOrder\":671}]}",
            "ovencook": "False",
            "vegetarian": "False",
            "hypo-allergenic": null,
            "timer": null,
            "dermatologistrecommended": null,
            "sapdepartmentno": "5",
            "allergencontains": null,
            "waterresistant": null,
            "friendlydisclaimer": null,
            "recyclableinformation": null,
            "usageinstructions": null,
            "freezable": "False"
          },
          "DetailsImagePaths": [
            "https://cdn0.woolworths.media/content/wowproductimages/large/768569.jpg"
          ],
          "Variety": "& Corn",
          "Rating": {
            "ReviewCount": 0,
            "RatingCount": 0,
            "RatingSum": 0,
            "OneStarCount": 0,
            "TwoStarCount": 0,
            "ThreeStarCount": 0,
            "FourStarCount": 0,
            "FiveStarCount": 0,
            "Average": 0,
            "OneStarPercentage": 0,
            "TwoStarPercentage": 0,
            "ThreeStarPercentage": 0,
            "FourStarPercentage": 0,
            "FiveStarPercentage": 0
          },
          "HasProductSubs": false,
          "IsSponsoredAd": false,
          "AdID": null,
          "AdIndex": null,
          "AdStatus": null,
          "IsMarketProduct": false,
          "IsGiftable": false,
          "Vendor": null,
          "Untraceable": false,
          "ThirdPartyProductInfo": null,
          "MarketFeatures": null,
          "MarketSpecifications": null,
          "SupplyLimitSource": "ProductLimit",
          "Tags": [
            {
              "Content": {
                "Type": "Label",
                "Position": "Top",
                "Attributes": {
                  "Text": "EVERYDAY LOW PRICE",
                  "Promotion": "LowPrice",
                  "BackgroundColor": "#c20016",
                  "BorderColor": "#c20016",
                  "TextColor": "#fff"
                },
                "FFPVAttributes": null
              },
              "TemplateId": null,
              "Metadata": null
            }
          ],
          "IsPersonalisedByPurchaseHistory": false,
          "IsFromFacetedSearch": false,
          "NextAvailabilityDate": "2026-01-26T00:00:00.0000000Z",
          "NumberOfSubstitutes": 0,
          "IsPrimaryVariant": false,
          "VariantGroupId": 0,
          "HasVariants": false,
          "VariantTitle": null,
          "IsTobacco": false,
          "IsFreeShipping": null,
          "FulfilmentStoreId": 1101,
          "B2BExtendedRange": null,
          "OfferId": null,
          "BundleProductGroups": null
        }
      ],
      "Name": "Woolworths Carrots Peas & Corn",
      "DisplayName": "Woolworths Carrots Peas & Corn 1kg"
    },
    {
      "Products": [
        {
          "TileID": 23,
          "Stockcode": 447762,
          "Barcode": "9300633598976",
          "GtinFormat": 13,
          "CupPrice": 13.33,
          "InstoreCupPrice": 13.33,
          "CupMeasure": "1KG",
          "CupString": "$13.33 / 1KG",
          "InstoreCupString": "$13.33 / 1KG",
          "HasCupPrice": true,
          "InstoreHasCupPrice": true,
          "Price": 4,
          "IncrementalPrice": null,
          "IncrementalWasPrice": null,
          "IncrementalMinimumQuantity": null,
          "IncrementalMinimumQuantityUnit": "g",
          "PricePerKGLabel": "Price per Kg charged",
          "MinWeightPrice": null,
          "MaxWeightPrice": null,
          "InstorePrice": 4,
          "Name": "Woolworths Mixed Leaf With Carrot Salad Mix",
          "DisplayName": "Woolworths Mixed Leaf With Carrot 300g",
          "UrlFriendlyName": "woolworths-mixed-leaf-with-carrot-salad-mix",
          "Description": " Woolworths Mixed Leaf With<br>Carrot Salad Mix 300g",
          "SmallImageFile": "https://cdn0.woolworths.media/content/wowproductimages/small/447762.jpg",
          "MediumImageFile": "https://cdn0.woolworths.media/content/wowproductimages/medium/447762.jpg",
          "LargeImageFile": "https://cdn0.woolworths.media/content/wowproductimages/large/447762.jpg",
          "IsNew": false,
          "IsHalfPrice": false,
          "IsOnlineOnly": false,
          "IsOnSpecial": false,
          "InstoreIsOnSpecial": false,
          "IsEdrSpecial": false,
          "SavingsAmount": 0,
          "InstoreSavingsAmount": 0,
          "WasPrice": 4,
          "InstoreWasPrice": 4,
          "QuantityInTrolley": 0,
          "Unit": "Each",
          "MinimumQuantity": 1,
          "HasBeenBoughtBefore": false,
          "IsInTrolley": false,
          "Source": "SearchServiceSearchProducts",
          "SupplyLimit": 22,
          "ProductLimit": 36,
          "MaxSupplyLimitMessage": "22 item(s) left",
          "IsRanged": true,
          "IsInStock": true,
          "PackageSize": "300g",
          "IsPmDelivery": false,
          "IsForCollection": true,
          "IsForDelivery": true,
          "IsForExpress": true,
          "ProductRestrictionMessage": null,
          "ProductWarningMessage": null,
          "CentreTag": {
            "TagContent": "<span>Was $5 - 25/11/2025</span>",
            "TagLink": null,
            "FallbackText": null,
            "TagType": "Html",
            "MultibuyData": null,
            "MemberPriceData": null,
            "FFPVMemberPriceData": null,
            "TagContentText": "Was $5 - 25/11/2025",
            "DualImageTagContent": null,
            "PromotionType": "NOT_SET",
            "IsRegisteredRewardCardPromotion": false
          },
          "IsCentreTag": true,
          "ImageTag": {
            "TagContent": "/content/promotiontags/australian-grown-roundel-200x200.png",
            "TagLink": null,
            "FallbackText": "Australian Grown",
            "TagType": "Image",
            "MultibuyData": null,
            "MemberPriceData": null,
            "FFPVMemberPriceData": null,
            "TagContentText": null,
            "DualImageTagContent": null,
            "PromotionType": "NOT_SET",
            "IsRegisteredRewardCardPromotion": false
          },
          "HeaderTag": {
            "BackgroundColor": "#FFDA00",
            "BorderColor": "#FFDA00",
            "TextColor": "#171C1F",
            "Content": "<span class=\"u-semibold\">Summer Price</span>",
            "PromotionName": "Summer Price",
            "TagLink": null,
            "Promotion": "LowerPrice",
            "IncrementalSavingsAmount": null
          },
          "HasHeaderTag": true,
          "UnitWeightInGrams": 0,
          "SupplyLimitMessage": "'Woolworths Mixed Leaf With Carrot Salad Mix' has a supply limit of 22. The quantity in your cart has been reduced accordingly. To purchase a larger quantity, please contact us on 1800 000 610. Please note we do not supply trade orders.",
          "SmallFormatDescription": "Woolworths Mixed Leaf With Carrot Salad Mix",
          "FullDescription": "Woolworths Mixed Leaf With Carrot Salad Mix",
          "IsAvailable": true,
          "InstoreIsAvailable": true,
          "IsPurchasable": true,
          "InstoreIsPurchasable": true,
          "AgeRestricted": false,
          "DisplayQuantity": 1,
          "RichDescription": null,
          "HideWasSavedPrice": false,
          "SapCategories": null,
          "Brand": "Woolworths",
          "IsRestrictedByDeliveryMethod": false,
          "FooterTag": {
            "TagContent": "Summer Price",
            "TagLink": null,
            "FallbackText": null,
            "TagType": "Html",
            "MultibuyData": null,
            "MemberPriceData": null,
            "FFPVMemberPriceData": null,
            "TagContentText": null,
            "DualImageTagContent": null,
            "PromotionType": "NOT_SET",
            "IsRegisteredRewardCardPromotion": false
          },
          "IsFooterEnabled": true,
          "Diagnostics": "22",
          "IsBundle": false,
          "IsInFamily": false,
          "ChildProducts": null,
          "UrlOverride": null,
          "AdditionalAttributes": {
            "boxedcontents": null,
            "addedvitaminsandminerals": "False",
            "sapdepartmentname": "FRUIT AND VEG",
            "spf": null,
            "haircolour": null,
            "lifestyleanddietarystatement": "Gluten Free,Low Fat,Low Salt,Low Sugar,Vegan,Vegetarian",
            "sapcategoryname": "VEG / FRESHCUTS / HARD PRODUCE",
            "skintype": null,
            "importantinformation": null,
            "allergystatement": "Dairy Free,Egg Free,Fish Free,Gluten Free,Lactose Free,Soy Free,Wheat Free",
            "productdepthmm": null,
            "skincondition": null,
            "ophthalmologistapproved": null,
            "healthstarrating": "5",
            "hairtype": null,
            "fragrance-free": null,
            "sapsegmentname": "SALAD LEAF",
            "suitablefor": null,
            "PiesProductDepartmentsjson": "[{\"Id\":\"1_8AD6702\",\"Description\":\"Dinner\"},{\"Id\":\"1-E5BEE36E\",\"Description\":\"Fruit & Veg\"}]",
            "piessubcategorynamesjson": "[\"Salad Kits & Bags\",\"Salad Bags\"]",
            "sapsegmentno": "22",
            "productwidthmm": null,
            "contains": null,
            "sapsubcategoryname": "SALAD",
            "dermatologisttested": null,
            "wool_productpackaging": null,
            "dermatologicallyapproved": null,
            "specialsgroupid": null,
            "productimages": "447762.jpg,447762_2.jpg,447762_7.jpg",
            "productheightmm": null,
            "r&r_hidereviews": null,
            "microwavesafe": "False",
            "paba-free": null,
            "lifestyleclaim": null,
            "alcoholfree": null,
            "tgawarning": null,
            "activeconstituents": null,
            "microwaveable": "False",
            "soap-free": null,
            "countryoforigin": null,
            "isexcludedfromsubstitution": "False",
            "productimagecount": "3",
            "r&r_loggedinreviews": null,
            "anti-dandruff": null,
            "servingsize-total-nip": null,
            "tgahealthwarninglink": null,
            "allergenmaybepresent": null,
            "PiesProductDepartmentNodeId": "1_8AD6702",
            "parabenfree": "False",
            "vendorarticleid": null,
            "containsgluten": "False",
            "containsnuts": "False",
            "ingredients": "Baby Leaves (70%), Carrot (30%), Ingredients and percentages may vary due to seasonal and processing variability",
            "colour": null,
            "manufacturer": null,
            "sapcategoryno": "63",
            "storageinstructions": "Keep Refrigerated. Ready to Eat",
            "tgawarnings": null,
            "piesdepartmentnamesjson": "[\"Dinner\",\"Fruit & Veg\"]",
            "brand": "woolworths",
            "oilfree": null,
            "fragrance": null,
            "antibacterial": "False",
            "non-comedogenic": null,
            "antiseptic": "False",
            "bpafree": "False",
            "vendorcostprice": null,
            "description": null,
            "sweatresistant": null,
            "sapsubcategoryno": "558",
            "antioxidant": "False",
            "claims": null,
            "phbalanced": null,
            "wool_dietaryclaim": null,
            "ophthalmologisttested": null,
            "sulfatefree": "False",
            "piescategorynamesjson": "[\"Sides & Starters\",\"Salad\"]",
            "servingsperpack-total-nip": null,
            "nutritionalinformation": "{\"Name\":\"Nutritional Information\",\"Attributes\":[{\"Id\":705,\"Name\":\"Carbohydrate Quantity Per 100g - Total - NIP\",\"Value\":\"3.2g\",\"Description\":\"Carbohydrate Quantity Per 100g - Total - NIP\",\"SortOrder\":83},{\"Id\":191,\"Name\":\"Dietary Fibre Quantity Per 100g - Total - NIP\",\"Value\":\"2.2g\",\"Description\":\"Dietary Fibre Quantity Per 100g - Total - NIP\",\"SortOrder\":175},{\"Id\":759,\"Name\":\"Energy kJ Quantity Per 100g - Total - NIP\",\"Value\":\"105.0kJ\",\"Description\":\"Energy kJ Quantity Per 100g - Total - NIP\",\"SortOrder\":239},{\"Id\":253,\"Name\":\"Fat Saturated Quantity Per 100g - Total - NIP\",\"Value\":\"1.0g\",\"Description\":\"Fat Saturated Quantity Per 100g - Total - NIP\",\"SortOrder\":251},{\"Id\":764,\"Name\":\"Fat Total Quantity Per 100g - Total - NIP\",\"Value\":\"1.0g\",\"Description\":\"Fat Total Quantity Per 100g - Total - NIP\",\"SortOrder\":263},{\"Id\":166,\"Name\":\"Fat Total Quantity Per 100g - ValueWord - NIP\",\"Value\":\"1.0\",\"Description\":\"Fat Total Quantity Per 100g - ValueWord - NIP\",\"SortOrder\":264},{\"Id\":435,\"Name\":\"Polyunsaturated Quantity Per Serve - Total - NIP\",\"Value\":\"0.02g\",\"Description\":\"Polyunsaturated Quantity Per Serve - Total - NIP\",\"SortOrder\":567},{\"Id\":493,\"Name\":\"Potassium Quantity Per Serve - Total - NIP\",\"Value\":\"184.5mg\",\"Description\":\"Potassium Quantity Per Serve - Total - NIP\",\"SortOrder\":579},{\"Id\":878,\"Name\":\"Protein Quantity Per 100g - Total - NIP\",\"Value\":\"1.5g\",\"Description\":\"Protein Quantity Per 100g - Total - NIP\",\"SortOrder\":587},{\"Id\":477,\"Name\":\"Serving Size - Total - NIP\",\"Value\":\"75.0 G\",\"Description\":\"Serving Size - Total - NIP\",\"SortOrder\":607},{\"Id\":544,\"Name\":\"Servings Per Pack - Total - NIP\",\"Value\":\"4.0\",\"Description\":\"Servings Per Pack - Total - NIP\",\"SortOrder\":611},{\"Id\":491,\"Name\":\"Sodium Quantity Per 100g - Total - NIP\",\"Value\":\"63.0mg\",\"Description\":\"Sodium Quantity Per 100g - Total - NIP\",\"SortOrder\":623},{\"Id\":908,\"Name\":\"Sugars Quantity Per 100g - SuffixUnits - NIP\",\"Value\":\"g\",\"Description\":\"Sugars Quantity Per 100g - SuffixUnits - NIP\",\"SortOrder\":646},{\"Id\":909,\"Name\":\"Sugars Quantity Per 100g - Total - NIP\",\"Value\":\"2.0g\",\"Description\":\"Sugars Quantity Per 100g - Total - NIP\",\"SortOrder\":647},{\"Id\":910,\"Name\":\"Sugars Quantity Per 100g - ValueWord - NIP\",\"Value\":\"2.0\",\"Description\":\"Sugars Quantity Per 100g - ValueWord - NIP\",\"SortOrder\":648},{\"Id\":911,\"Name\":\"Sugars Quantity Per Serve - SuffixUnits - NIP\",\"Value\":\"g\",\"Description\":\"Sugars Quantity Per Serve - SuffixUnits - NIP\",\"SortOrder\":650}]}",
            "ovencook": "False",
            "vegetarian": "False",
            "hypo-allergenic": null,
            "timer": null,
            "dermatologistrecommended": null,
            "sapdepartmentno": "30",
            "allergencontains": null,
            "waterresistant": null,
            "friendlydisclaimer": null,
            "recyclableinformation": null,
            "usageinstructions": null,
            "freezable": "False"
          },
          "DetailsImagePaths": [
            "https://cdn0.woolworths.media/content/wowproductimages/large/447762.jpg"
          ],
          "Variety": "Salad Mix",
          "Rating": {
            "ReviewCount": 0,
            "RatingCount": 0,
            "RatingSum": 0,
            "OneStarCount": 0,
            "TwoStarCount": 0,
            "ThreeStarCount": 0,
            "FourStarCount": 0,
            "FiveStarCount": 0,
            "Average": 0,
            "OneStarPercentage": 0,
            "TwoStarPercentage": 0,
            "ThreeStarPercentage": 0,
            "FourStarPercentage": 0,
            "FiveStarPercentage": 0
          },
          "HasProductSubs": false,
          "IsSponsoredAd": false,
          "AdID": null,
          "AdIndex": null,
          "AdStatus": null,
          "IsMarketProduct": false,
          "IsGiftable": false,
          "Vendor": null,
          "Untraceable": false,
          "ThirdPartyProductInfo": null,
          "MarketFeatures": null,
          "MarketSpecifications": null,
          "SupplyLimitSource": "StockQuantity",
          "Tags": [
            {
              "Content": {
                "Type": "Label",
                "Position": "Top",
                "Attributes": {
                  "Text": "Summer Price",
                  "Promotion": "LowerPrice",
                  "BackgroundColor": "#FFDA00",
                  "BorderColor": "#FFDA00",
                  "TextColor": "#171C1F"
                },
                "FFPVAttributes": null
              },
              "TemplateId": null,
              "Metadata": null
            },
            {
              "Content": {
                "Type": "Roundel",
                "Position": "Top",
                "Attributes": {
                  "ImagePath": "/content/promotiontags/australian-grown-roundel-200x200.png",
                  "FallbackText": "Australian Grown"
                },
                "FFPVAttributes": null
              },
              "TemplateId": null,
              "Metadata": null
            },
            {
              "Content": {
                "Type": "PromotionInformation",
                "Position": "Top",
                "Attributes": {
                  "TagLink": null,
                  "Text": "Was $5 - 25/11/2025",
                  "Html": "<span>Was $5 - 25/11/2025</span>",
                  "IsRegisteredRewardCardPromotion": "False"
                },
                "FFPVAttributes": null
              },
              "TemplateId": null,
              "Metadata": null
            }
          ],
          "IsPersonalisedByPurchaseHistory": false,
          "IsFromFacetedSearch": false,
          "NextAvailabilityDate": "2026-01-26T00:00:00.0000000Z",
          "NumberOfSubstitutes": 0,
          "IsPrimaryVariant": false,
          "VariantGroupId": 0,
          "HasVariants": false,
          "VariantTitle": null,
          "IsTobacco": false,
          "IsFreeShipping": null,
          "FulfilmentStoreId": 1101,
          "B2BExtendedRange": null,
          "OfferId": "22834969",
          "BundleProductGroups": null
        }
      ],
      "Name": "Woolworths Mixed Leaf With Carrot Salad Mix",
      "DisplayName": "Woolworths Mixed Leaf With Carrot 300g"
    },
    {
      "Products": [
        {
          "TileID": 24,
          "Stockcode": 218915,
          "Barcode": "9300633904142",
          "GtinFormat": 13,
          "CupPrice": 4.29,
          "InstoreCupPrice": 4.29,
          "CupMeasure": "1KG",
          "CupString": "$4.29 / 1KG",
          "InstoreCupString": "$4.29 / 1KG",
          "HasCupPrice": true,
          "InstoreHasCupPrice": true,
          "Price": 1.8,
          "IncrementalPrice": null,
          "IncrementalWasPrice": null,
          "IncrementalMinimumQuantity": null,
          "IncrementalMinimumQuantityUnit": "g",
          "PricePerKGLabel": "Price per Kg charged",
          "MinWeightPrice": null,
          "MaxWeightPrice": null,
          "InstorePrice": 1.8,
          "Name": "Woolworths Peas & Carrots",
          "DisplayName": "Woolworths Peas & Carrots 420g",
          "UrlFriendlyName": "woolworths-peas-carrots",
          "Description": " Woolworths Peas & Carrots  420g",
          "SmallImageFile": "https://cdn0.woolworths.media/content/wowproductimages/small/218915.jpg",
          "MediumImageFile": "https://cdn0.woolworths.media/content/wowproductimages/medium/218915.jpg",
          "LargeImageFile": "https://cdn0.woolworths.media/content/wowproductimages/large/218915.jpg",
          "IsNew": false,
          "IsHalfPrice": false,
          "IsOnlineOnly": false,
          "IsOnSpecial": false,
          "InstoreIsOnSpecial": false,
          "IsEdrSpecial": false,
          "SavingsAmount": 0.0,
          "InstoreSavingsAmount": 0.0,
          "WasPrice": 1.8,
          "InstoreWasPrice": 1.8,
          "QuantityInTrolley": 0,
          "Unit": "Each",
          "MinimumQuantity": 1,
          "HasBeenBoughtBefore": false,
          "IsInTrolley": false,
          "Source": "SearchServiceSearchProducts",
          "SupplyLimit": 36,
          "ProductLimit": 36,
          "MaxSupplyLimitMessage": "36 item limit",
          "IsRanged": true,
          "IsInStock": true,
          "PackageSize": "420g",
          "IsPmDelivery": false,
          "IsForCollection": true,
          "IsForDelivery": true,
          "IsForExpress": true,
          "ProductRestrictionMessage": null,
          "ProductWarningMessage": null,
          "CentreTag": {
            "TagContent": null,
            "TagLink": null,
            "FallbackText": null,
            "TagType": "None",
            "MultibuyData": null,
            "MemberPriceData": null,
            "FFPVMemberPriceData": null,
            "TagContentText": null,
            "DualImageTagContent": null,
            "PromotionType": "NOT_SET",
            "IsRegisteredRewardCardPromotion": false
          },
          "IsCentreTag": false,
          "ImageTag": {
            "TagContent": null,
            "TagLink": null,
            "FallbackText": "",
            "TagType": "Image",
            "MultibuyData": null,
            "MemberPriceData": null,
            "FFPVMemberPriceData": null,
            "TagContentText": null,
            "DualImageTagContent": null,
            "PromotionType": "NOT_SET",
            "IsRegisteredRewardCardPromotion": false
          },
          "HeaderTag": {
            "BackgroundColor": "#c20016",
            "BorderColor": "#c20016",
            "TextColor": "#fff",
            "Content": "EVERYDAY LOW PRICE",
            "PromotionName": null,
            "TagLink": null,
            "Promotion": "LowPrice",
            "IncrementalSavingsAmount": null
          },
          "HasHeaderTag": true,
          "UnitWeightInGrams": 0,
          "SupplyLimitMessage": "'Woolworths Peas & Carrots' has a supply limit of 36. The quantity in your cart has been reduced accordingly. To purchase a larger quantity, please contact us on 1800 000 610. Please note we do not supply trade orders.",
          "SmallFormatDescription": "Woolworths Peas & Carrots ",
          "FullDescription": "Woolworths Peas & Carrots ",
          "IsAvailable": true,
          "InstoreIsAvailable": true,
          "IsPurchasable": true,
          "InstoreIsPurchasable": true,
          "AgeRestricted": false,
          "DisplayQuantity": 1,
          "RichDescription": null,
          "HideWasSavedPrice": false,
          "SapCategories": null,
          "Brand": "Woolworths",
          "IsRestrictedByDeliveryMethod": false,
          "FooterTag": {
            "TagContent": "Lower Price Always",
            "TagLink": null,
            "FallbackText": null,
            "TagType": "Html",
            "MultibuyData": null,
            "MemberPriceData": null,
            "FFPVMemberPriceData": null,
            "TagContentText": null,
            "DualImageTagContent": null,
            "PromotionType": "NOT_SET",
            "IsRegisteredRewardCardPromotion": false
          },
          "IsFooterEnabled": true,
          "Diagnostics": "23",
          "IsBundle": false,
          "IsInFamily": false,
          "ChildProducts": null,
          "UrlOverride": null,
          "AdditionalAttributes": {
            "boxedcontents": null,
            "addedvitaminsandminerals": "False",
            "sapdepartmentname": "GROCERIES",
            "spf": null,
            "haircolour": null,
            "lifestyleanddietarystatement": "Gluten Free,Low Fat,Low Salt,Low Saturated Fat,Low Sugar,Source of Fibre,Vegan,Vegetarian",
            "sapcategoryname": "CANNED VEGETABLES",
            "skintype": null,
            "importantinformation": null,
            "allergystatement": "Dairy Free,Egg Free,Fish Free,Gluten Free,Lactose Free,No Artificial Colours or Flavours,No Artificial Preservatives,Soy Free,Wheat Free",
            "productdepthmm": null,
            "skincondition": null,
            "ophthalmologistapproved": null,
            "healthstarrating": "5",
            "hairtype": null,
            "fragrance-free": null,
            "sapsegmentname": "MIXED VEGETABLES",
            "suitablefor": "Vegetarian",
            "PiesProductDepartmentsjson": "[{\"Id\":\"1_39FD49C\",\"Description\":\"Pantry\"}]",
            "piessubcategorynamesjson": "[\"Canned Beans & Legumes\",\"Canned Vegetables\"]",
            "sapsegmentno": "14",
            "productwidthmm": null,
            "contains": null,
            "sapsubcategoryname": "CANNED VEGETABLES",
            "dermatologisttested": null,
            "wool_productpackaging": null,
            "dermatologicallyapproved": null,
            "specialsgroupid": null,
            "productimages": "218915.jpg,218915_1.jpg,218915_2.jpg,218915_3.jpg",
            "productheightmm": null,
            "r&r_hidereviews": null,
            "microwavesafe": "False",
            "paba-free": null,
            "lifestyleclaim": "Vegetarian",
            "alcoholfree": null,
            "tgawarning": null,
            "activeconstituents": null,
            "microwaveable": "False",
            "soap-free": null,
            "countryoforigin": null,
            "isexcludedfromsubstitution": "False",
            "productimagecount": "4",
            "r&r_loggedinreviews": null,
            "anti-dandruff": null,
            "servingsize-total-nip": null,
            "tgahealthwarninglink": null,
            "allergenmaybepresent": null,
            "PiesProductDepartmentNodeId": "1_39FD49C",
            "parabenfree": "False",
            "vendorarticleid": null,
            "containsgluten": "False",
            "containsnuts": "False",
            "ingredients": "Vegetables (53%) (Peas, Carrots), Water",
            "colour": null,
            "manufacturer": null,
            "sapcategoryno": "71",
            "storageinstructions": "Store in a cool, dry place. Once opened, empty contents into a non-metallic airtight container, refrigerate at 1 - 4C and use within 1 days. <br>",
            "tgawarnings": null,
            "piesdepartmentnamesjson": "[\"Pantry\"]",
            "brand": "select",
            "oilfree": null,
            "fragrance": null,
            "antibacterial": "False",
            "non-comedogenic": null,
            "antiseptic": "False",
            "bpafree": "False",
            "vendorcostprice": null,
            "description": "1 serve of vegetables = 12 a cup (1) (1) One serve of vegetables is approximately 75g. Australian Dietary Guidelines recommend 5 serves from a variety of vegetables per day.",
            "sweatresistant": null,
            "sapsubcategoryno": "827",
            "antioxidant": "False",
            "claims": null,
            "phbalanced": null,
            "wool_dietaryclaim": null,
            "ophthalmologisttested": null,
            "sulfatefree": "False",
            "piescategorynamesjson": "[\"Canned Food & Instant Meals\"]",
            "servingsperpack-total-nip": null,
            "nutritionalinformation": "{\"Name\":\"Nutritional Information\",\"Attributes\":[{\"Id\":702,\"Name\":\"Calcium Quantity Per 100g - Total - NIP\",\"Value\":\"27mg\",\"Description\":\"Calcium Quantity Per 100g - Total - NIP\",\"SortOrder\":71},{\"Id\":47,\"Name\":\"Calcium Quantity Per Serve - Total - NIP\",\"Value\":\"20.25mg\",\"Description\":\"Calcium Quantity Per Serve - Total - NIP\",\"SortOrder\":75},{\"Id\":705,\"Name\":\"Carbohydrate Quantity Per 100g - Total - NIP\",\"Value\":\"4.10g\",\"Description\":\"Carbohydrate Quantity Per 100g - Total - NIP\",\"SortOrder\":83},{\"Id\":706,\"Name\":\"Carbohydrate Quantity Per Serve - Total - NIP\",\"Value\":\"3.10g\",\"Description\":\"Carbohydrate Quantity Per Serve - Total - NIP\",\"SortOrder\":87},{\"Id\":191,\"Name\":\"Dietary Fibre Quantity Per 100g - Total - NIP\",\"Value\":\"4.70g\",\"Description\":\"Dietary Fibre Quantity Per 100g - Total - NIP\",\"SortOrder\":175},{\"Id\":120,\"Name\":\"Dietary Fibre Quantity Per Serve - Total - NIP\",\"Value\":\"3.50g\",\"Description\":\"Dietary Fibre Quantity Per Serve - Total - NIP\",\"SortOrder\":179},{\"Id\":759,\"Name\":\"Energy kJ Quantity Per 100g - Total - NIP\",\"Value\":\"177.00kJ\",\"Description\":\"Energy kJ Quantity Per 100g - Total - NIP\",\"SortOrder\":239},{\"Id\":760,\"Name\":\"Energy kJ Quantity Per Serve - Total - NIP\",\"Value\":\"133.00kJ\",\"Description\":\"Energy kJ Quantity Per Serve - Total - NIP\",\"SortOrder\":243},{\"Id\":253,\"Name\":\"Fat Saturated Quantity Per 100g - Total - NIP\",\"Value\":\"0.10g\",\"Description\":\"Fat Saturated Quantity Per 100g - Total - NIP\",\"SortOrder\":251},{\"Id\":258,\"Name\":\"Fat Saturated Quantity Per Serve - Total - NIP\",\"Value\":\"0.10g\",\"Description\":\"Fat Saturated Quantity Per Serve - Total - NIP\",\"SortOrder\":255},{\"Id\":764,\"Name\":\"Fat Total Quantity Per 100g - Total - NIP\",\"Value\":\"0.50g\",\"Description\":\"Fat Total Quantity Per 100g - Total - NIP\",\"SortOrder\":263},{\"Id\":166,\"Name\":\"Fat Total Quantity Per 100g - ValueWord - NIP\",\"Value\":\"0.50\",\"Description\":\"Fat Total Quantity Per 100g - ValueWord - NIP\",\"SortOrder\":264},{\"Id\":264,\"Name\":\"Fat Total Quantity Per Serve - Total - NIP\",\"Value\":\"0.40g\",\"Description\":\"Fat Total Quantity Per Serve - Total - NIP\",\"SortOrder\":267},{\"Id\":402,\"Name\":\"Monounsaturated Quantity Per 100g - Total - NIP\",\"Value\":\"0.0g\",\"Description\":\"Monounsaturated Quantity Per 100g - Total - NIP\",\"SortOrder\":479},{\"Id\":834,\"Name\":\"Monounsaturated Quantity Per Serve - Total - NIP\",\"Value\":\"0.0g\",\"Description\":\"Monounsaturated Quantity Per Serve - Total - NIP\",\"SortOrder\":483},{\"Id\":434,\"Name\":\"Polyunsaturated Quantity Per 100g - Total - NIP\",\"Value\":\"0.7g\",\"Description\":\"Polyunsaturated Quantity Per 100g - Total - NIP\",\"SortOrder\":563},{\"Id\":435,\"Name\":\"Polyunsaturated Quantity Per Serve - Total - NIP\",\"Value\":\"0.5g\",\"Description\":\"Polyunsaturated Quantity Per Serve - Total - NIP\",\"SortOrder\":567},{\"Id\":443,\"Name\":\"Potassium Quantity Per 100g - Total - NIP\",\"Value\":\"120mg\",\"Description\":\"Potassium Quantity Per 100g - Total - NIP\",\"SortOrder\":575},{\"Id\":493,\"Name\":\"Potassium Quantity Per Serve - Total - NIP\",\"Value\":\"90mg\",\"Description\":\"Potassium Quantity Per Serve - Total - NIP\",\"SortOrder\":579},{\"Id\":878,\"Name\":\"Protein Quantity Per 100g - Total - NIP\",\"Value\":\"3.00g\",\"Description\":\"Protein Quantity Per 100g - Total - NIP\",\"SortOrder\":587},{\"Id\":882,\"Name\":\"Protein Quantity Per Serve - Total - NIP\",\"Value\":\"2.20g\",\"Description\":\"Protein Quantity Per Serve - Total - NIP\",\"SortOrder\":591},{\"Id\":477,\"Name\":\"Serving Size - Total - NIP\",\"Value\":\"75.00g\",\"Description\":\"Serving Size - Total - NIP\",\"SortOrder\":607},{\"Id\":544,\"Name\":\"Servings Per Pack - Total - NIP\",\"Value\":\"3.00\",\"Description\":\"Servings Per Pack - Total - NIP\",\"SortOrder\":611},{\"Id\":491,\"Name\":\"Sodium Quantity Per 100g - Total - NIP\",\"Value\":\"12.00mg\",\"Description\":\"Sodium Quantity Per 100g - Total - NIP\",\"SortOrder\":623},{\"Id\":495,\"Name\":\"Sodium Quantity Per Serve - Total - NIP\",\"Value\":\"9.00mg\",\"Description\":\"Sodium Quantity Per Serve - Total - NIP\",\"SortOrder\":627},{\"Id\":907,\"Name\":\"Sugars Quantity Per 100g - Prefix - NIP\",\"Value\":\"Approx. \",\"Description\":\"Sugars Quantity Per 100g - Prefix - NIP\",\"SortOrder\":645},{\"Id\":908,\"Name\":\"Sugars Quantity Per 100g - SuffixUnits - NIP\",\"Value\":\"g\",\"Description\":\"Sugars Quantity Per 100g - SuffixUnits - NIP\",\"SortOrder\":646},{\"Id\":909,\"Name\":\"Sugars Quantity Per 100g - Total - NIP\",\"Value\":\"1.70g\",\"Description\":\"Sugars Quantity Per 100g - Total - NIP\",\"SortOrder\":647},{\"Id\":910,\"Name\":\"Sugars Quantity Per 100g - ValueWord - NIP\",\"Value\":\"1.70\",\"Description\":\"Sugars Quantity Per 100g - ValueWord - NIP\",\"SortOrder\":648},{\"Id\":504,\"Name\":\"Sugars Quantity Per Serve - Prefix - NIP\",\"Value\":\"Approx. \",\"Description\":\"Sugars Quantity Per Serve - Prefix - NIP\",\"SortOrder\":649},{\"Id\":911,\"Name\":\"Sugars Quantity Per Serve - SuffixUnits - NIP\",\"Value\":\"g\",\"Description\":\"Sugars Quantity Per Serve - SuffixUnits - NIP\",\"SortOrder\":650},{\"Id\":912,\"Name\":\"Sugars Quantity Per Serve - Total - NIP\",\"Value\":\"1.30g\",\"Description\":\"Sugars Quantity Per Serve - Total - NIP\",\"SortOrder\":651},{\"Id\":572,\"Name\":\"Sugars Quantity Per Serve - ValueWord - NIP\",\"Value\":\"1.30\",\"Description\":\"Sugars Quantity Per Serve - ValueWord - NIP\",\"SortOrder\":652},{\"Id\":593,\"Name\":\"Trans Quantity Per 100g - Total - NIP\",\"Value\":\"0.0g\",\"Description\":\"Trans Quantity Per 100g - Total - NIP\",\"SortOrder\":667},{\"Id\":510,\"Name\":\"Trans Quantity Per Serve - Total - NIP\",\"Value\":\"0.0g\",\"Description\":\"Trans Quantity Per Serve - Total - NIP\",\"SortOrder\":671}]}",
            "ovencook": "False",
            "vegetarian": "False",
            "hypo-allergenic": null,
            "timer": null,
            "dermatologistrecommended": null,
            "sapdepartmentno": "5",
            "allergencontains": null,
            "waterresistant": null,
            "friendlydisclaimer": null,
            "recyclableinformation": null,
            "usageinstructions": null,
            "freezable": "False"
          },
          "DetailsImagePaths": [
            "https://cdn0.woolworths.media/content/wowproductimages/large/218915.jpg"
          ],
          "Variety": null,
          "Rating": {
            "ReviewCount": 0,
            "RatingCount": 0,
            "RatingSum": 0,
            "OneStarCount": 0,
            "TwoStarCount": 0,
            "ThreeStarCount": 0,
            "FourStarCount": 0,
            "FiveStarCount": 0,
            "Average": 0,
            "OneStarPercentage": 0,
            "TwoStarPercentage": 0,
            "ThreeStarPercentage": 0,
            "FourStarPercentage": 0,
            "FiveStarPercentage": 0
          },
          "HasProductSubs": false,
          "IsSponsoredAd": false,
          "AdID": null,
          "AdIndex": null,
          "AdStatus": null,
          "IsMarketProduct": false,
          "IsGiftable": false,
          "Vendor": null,
          "Untraceable": false,
          "ThirdPartyProductInfo": null,
          "MarketFeatures": null,
          "MarketSpecifications": null,
          "SupplyLimitSource": "ProductLimit",
          "Tags": [
            {
              "Content": {
                "Type": "Label",
                "Position": "Top",
                "Attributes": {
                  "Text": "EVERYDAY LOW PRICE",
                  "Promotion": "LowPrice",
                  "BackgroundColor": "#c20016",
                  "BorderColor": "#c20016",
                  "TextColor": "#fff"
                },
                "FFPVAttributes": null
              },
              "TemplateId": null,
              "Metadata": null
            }
          ],
          "IsPersonalisedByPurchaseHistory": false,
          "IsFromFacetedSearch": false,
          "NextAvailabilityDate": "2026-01-26T00:00:00.0000000Z",
          "NumberOfSubstitutes": 0,
          "IsPrimaryVariant": false,
          "VariantGroupId": 0,
          "HasVariants": false,
          "VariantTitle": null,
          "IsTobacco": false,
          "IsFreeShipping": null,
          "FulfilmentStoreId": 1101,
          "B2BExtendedRange": null,
          "OfferId": null,
          "BundleProductGroups": null
        }
      ],
      "Name": "Woolworths Peas & Carrots",
      "DisplayName": "Woolworths Peas & Carrots 420g"
    }
  ],
  "Corrections": null,
  "SearchResultsCount": 218,
  "VisualShoppingAisleResponse": [],
  "Aggregations": [
    {
      "Name": "Level1Categories",
      "DisplayName": "Categories",
      "Type": "Multi",
      "FilterType": "Term",
      "FilterDataType": "String",
      "Results": [
        {
          "Name": "1_A363395",
          "Term": "1_A363395",
          "ExtraOutputFields": {
            "description": "Everyday Market",
            "nodelevel": 1,
            "displayorder": 2,
            "parentnodeid": "1-4A3B264C"
          },
          "Min": null,
          "Max": null,
          "Applied": false,
          "Count": 79,
          "Statement": null,
          "DisplayCoachMarks": false
        },
        {
          "Name": "1_DEA3ED5",
          "Term": "1_DEA3ED5",
          "ExtraOutputFields": {
            "description": "Home & Lifestyle",
            "nodelevel": 1,
            "displayorder": 39,
            "parentnodeid": "1-4A3B264C"
          },
          "Min": null,
          "Max": null,
          "Applied": false,
          "Count": 54,
          "Statement": null,
          "DisplayCoachMarks": false
        },
        {
          "Name": "1_61D6FEB",
          "Term": "1_61D6FEB",
          "ExtraOutputFields": {
            "description": "Pet",
            "nodelevel": 1,
            "displayorder": 37,
            "parentnodeid": "1-4A3B264C"
          },
          "Min": null,
          "Max": null,
          "Applied": false,
          "Count": 33,
          "Statement": null,
          "DisplayCoachMarks": false
        },
        {
          "Name": "1_9E92C35",
          "Term": "1_9E92C35",
          "ExtraOutputFields": {
            "description": "Lunch Box",
            "nodelevel": 1,
            "displayorder": 18,
            "parentnodeid": "1-4A3B264C"
          },
          "Min": null,
          "Max": null,
          "Applied": false,
          "Count": 22,
          "Statement": null,
          "DisplayCoachMarks": false
        },
        {
          "Name": "1_ACA2FC2",
          "Term": "1_ACA2FC2",
          "ExtraOutputFields": {
            "description": "Freezer",
            "nodelevel": 1,
            "displayorder": 19,
            "parentnodeid": "1-4A3B264C"
          },
          "Min": null,
          "Max": null,
          "Applied": false,
          "Count": 22,
          "Statement": null,
          "DisplayCoachMarks": false
        },
        {
          "Name": "1_717A94B",
          "Term": "1_717A94B",
          "ExtraOutputFields": {
            "description": "Baby",
            "nodelevel": 1,
            "displayorder": 36,
            "parentnodeid": "1-4A3B264C"
          },
          "Min": null,
          "Max": null,
          "Applied": false,
          "Count": 21,
          "Statement": null,
          "DisplayCoachMarks": false
        },
        {
          "Name": "1_8AD6702",
          "Term": "1_8AD6702",
          "ExtraOutputFields": {
            "description": "Dinner",
            "nodelevel": 1,
            "displayorder": 7,
            "parentnodeid": "1-4A3B264C"
          },
          "Min": null,
          "Max": null,
          "Applied": false,
          "Count": 21,
          "Statement": null,
          "DisplayCoachMarks": false
        },
        {
          "Name": "1-E5BEE36E",
          "Term": "1-E5BEE36E",
          "ExtraOutputFields": {
            "description": "Fruit & Veg",
            "nodelevel": 1,
            "displayorder": 5,
            "parentnodeid": "1-4A3B264C"
          },
          "Min": null,
          "Max": null,
          "Applied": false,
          "Count": 20,
          "Statement": null,
          "DisplayCoachMarks": false
        },
        {
          "Name": "1_2432B58",
          "Term": "1_2432B58",
          "ExtraOutputFields": {
            "description": "Cleaning & Maintenance",
            "nodelevel": 1,
            "displayorder": 35,
            "parentnodeid": "1-4A3B264C"
          },
          "Min": null,
          "Max": null,
          "Applied": false,
          "Count": 16,
          "Statement": null,
          "DisplayCoachMarks": false
        },
        {
          "Name": "1_39FD49C",
          "Term": "1_39FD49C",
          "ExtraOutputFields": {
            "description": "Pantry",
            "nodelevel": 1,
            "displayorder": 21,
            "parentnodeid": "1-4A3B264C"
          },
          "Min": null,
          "Max": null,
          "Applied": false,
          "Count": 9,
          "Statement": null,
          "DisplayCoachMarks": false
        },
        {
          "Name": "1_6E4F4E4",
          "Term": "1_6E4F4E4",
          "ExtraOutputFields": {
            "description": "Dairy, Eggs & Fridge",
            "nodelevel": 1,
            "displayorder": 16,
            "parentnodeid": "1-4A3B264C"
          },
          "Min": null,
          "Max": null,
          "Applied": false,
          "Count": 8,
          "Statement": null,
          "DisplayCoachMarks": false
        },
        {
          "Name": "1_90E697B",
          "Term": "1_90E697B",
          "ExtraOutputFields": {
            "description": "Back to School",
            "nodelevel": 1,
            "displayorder": 4,
            "parentnodeid": "1-4A3B264C"
          },
          "Min": null,
          "Max": null,
          "Applied": false,
          "Count": 6,
          "Statement": null,
          "DisplayCoachMarks": false
        },
        {
          "Name": "1_DEB537E",
          "Term": "1_DEB537E",
          "ExtraOutputFields": {
            "description": "Bakery",
            "nodelevel": 1,
            "displayorder": 17,
            "parentnodeid": "1-4A3B264C"
          },
          "Min": null,
          "Max": null,
          "Applied": false,
          "Count": 6,
          "Statement": null,
          "DisplayCoachMarks": false
        },
        {
          "Name": "1_5AF3A0A",
          "Term": "1_5AF3A0A",
          "ExtraOutputFields": {
            "description": "Drinks",
            "nodelevel": 1,
            "displayorder": 27,
            "parentnodeid": "1-4A3B264C"
          },
          "Min": null,
          "Max": null,
          "Applied": false,
          "Count": 5,
          "Statement": null,
          "DisplayCoachMarks": false
        },
        {
          "Name": "1_9851658",
          "Term": "1_9851658",
          "ExtraOutputFields": {
            "description": "Health & Wellness",
            "nodelevel": 1,
            "displayorder": 33,
            "parentnodeid": "1-4A3B264C"
          },
          "Min": null,
          "Max": null,
          "Applied": false,
          "Count": 4,
          "Statement": null,
          "DisplayCoachMarks": false
        },
        {
          "Name": "1_894D0A8",
          "Term": "1_894D0A8",
          "ExtraOutputFields": {
            "description": "Personal Care",
            "nodelevel": 1,
            "displayorder": 31,
            "parentnodeid": "1-4A3B264C"
          },
          "Min": null,
          "Max": null,
          "Applied": false,
          "Count": 3,
          "Statement": null,
          "DisplayCoachMarks": false
        },
        {
          "Name": "1_8D61DD6",
          "Term": "1_8D61DD6",
          "ExtraOutputFields": {
            "description": "Beauty",
            "nodelevel": 1,
            "displayorder": 29,
            "parentnodeid": "1-4A3B264C"
          },
          "Min": null,
          "Max": null,
          "Applied": false,
          "Count": 3,
          "Statement": null,
          "DisplayCoachMarks": false
        },
        {
          "Name": "1_717445A",
          "Term": "1_717445A",
          "ExtraOutputFields": {
            "description": "Snacks & Confectionery",
            "nodelevel": 1,
            "displayorder": 20,
            "parentnodeid": "1-4A3B264C"
          },
          "Min": null,
          "Max": null,
          "Applied": false,
          "Count": 2,
          "Statement": null,
          "DisplayCoachMarks": false
        }
      ],
      "ResultsGrouped": null,
      "State": "Closed",
      "Rank": 0,
      "AdditionalResults": false,
      "DesignType": "Default",
      "ShowFilter": false,
      "Statement": null,
      "DisplayCoachMarks": false,
      "DisplayIcons": false
    },
    {
      "Name": "Brand",
      "DisplayName": "Brand",
      "Type": "Multi",
      "FilterType": "Term",
      "FilterDataType": "String",
      "Results": null,
      "ResultsGrouped": [
        {
          "Alphabet": "0-9",
          "Filters": []
        },
        {
          "Alphabet": "A",
          "Filters": [
            {
              "Name": "Allen's",
              "Term": "Allen's",
              "ExtraOutputFields": {},
              "Min": null,
              "Max": null,
              "Applied": false,
              "Count": 1,
              "Statement": null,
              "DisplayCoachMarks": false
            },
            {
              "Name": "Amscan",
              "Term": "Amscan",
              "ExtraOutputFields": {},
              "Min": null,
              "Max": null,
              "Applied": false,
              "Count": 1,
              "Statement": null,
              "DisplayCoachMarks": false
            },
            {
              "Name": "Artwrap",
              "Term": "Artwrap",
              "ExtraOutputFields": {},
              "Min": null,
              "Max": null,
              "Applied": false,
              "Count": 1,
              "Statement": null,
              "DisplayCoachMarks": false
            },
            {
              "Name": "Avanti",
              "Term": "Avanti",
              "ExtraOutputFields": {},
              "Min": null,
              "Max": null,
              "Applied": false,
              "Count": 2,
              "Statement": null,
              "DisplayCoachMarks": false
            }
          ]
        },
        {
          "Alphabet": "B",
          "Filters": [
            {
              "Name": "Baby Mum-Mum",
              "Term": "Baby Mum-Mum",
              "ExtraOutputFields": {},
              "Min": null,
              "Max": null,
              "Applied": false,
              "Count": 2,
              "Statement": null,
              "DisplayCoachMarks": false
            },
            {
              "Name": "Beleduc",
              "Term": "Beleduc",
              "ExtraOutputFields": {},
              "Min": null,
              "Max": null,
              "Applied": false,
              "Count": 1,
              "Statement": null,
              "DisplayCoachMarks": false
            },
            {
              "Name": "Bell Farms",
              "Term": "Bell Farms",
              "ExtraOutputFields": {},
              "Min": null,
              "Max": null,
              "Applied": false,
              "Count": 1,
              "Statement": null,
              "DisplayCoachMarks": false
            },
            {
              "Name": "Birds Eye",
              "Term": "Birds Eye",
              "ExtraOutputFields": {},
              "Min": null,
              "Max": null,
              "Applied": false,
              "Count": 12,
              "Statement": null,
              "DisplayCoachMarks": false
            },
            {
              "Name": "Broccolini & Carrot with oil and honey seasalt",
              "Term": "Broccolini & Carrot with oil and honey seasalt",
              "ExtraOutputFields": {},
              "Min": null,
              "Max": null,
              "Applied": false,
              "Count": 1,
              "Statement": null,
              "DisplayCoachMarks": false
            }
          ]
        },
        {
          "Alphabet": "C",
          "Filters": [
            {
              "Name": "Christmas Complete",
              "Term": "Christmas Complete",
              "ExtraOutputFields": {},
              "Min": null,
              "Max": null,
              "Applied": false,
              "Count": 1,
              "Statement": null,
              "DisplayCoachMarks": false
            },
            {
              "Name": "Cuccio",
              "Term": "Cuccio",
              "ExtraOutputFields": {},
              "Min": null,
              "Max": null,
              "Applied": false,
              "Count": 2,
              "Statement": null,
              "DisplayCoachMarks": false
            }
          ]
        },
        {
          "Alphabet": "D",
          "Filters": [
            {
              "Name": "Dine",
              "Term": "Dine",
              "ExtraOutputFields": {},
              "Min": null,
              "Max": null,
              "Applied": false,
              "Count": 1,
              "Statement": null,
              "DisplayCoachMarks": false
            }
          ]
        },
        {
          "Alphabet": "E",
          "Filters": [
            {
              "Name": "Edgell",
              "Term": "Edgell",
              "ExtraOutputFields": {},
              "Min": null,
              "Max": null,
              "Applied": false,
              "Count": 2,
              "Statement": null,
              "DisplayCoachMarks": false
            }
          ]
        },
        {
          "Alphabet": "F",
          "Filters": [
            {
              "Name": "Fred",
              "Term": "Fred",
              "ExtraOutputFields": {},
              "Min": null,
              "Max": null,
              "Applied": false,
              "Count": 1,
              "Statement": null,
              "DisplayCoachMarks": false
            },
            {
              "Name": "Fresca Natural",
              "Term": "Fresca Natural",
              "ExtraOutputFields": {},
              "Min": null,
              "Max": null,
              "Applied": false,
              "Count": 1,
              "Statement": null,
              "DisplayCoachMarks": false
            },
            {
              "Name": "Frisp",
              "Term": "Frisp",
              "ExtraOutputFields": {},
              "Min": null,
              "Max": null,
              "Applied": false,
              "Count": 1,
              "Statement": null,
              "DisplayCoachMarks": false
            },
            {
              "Name": "Fumfings",
              "Term": "Fumfings",
              "ExtraOutputFields": {},
              "Min": null,
              "Max": null,
              "Applied": false,
              "Count": 1,
              "Statement": null,
              "DisplayCoachMarks": false
            },
            {
              "Name": "Funko",
              "Term": "Funko",
              "ExtraOutputFields": {},
              "Min": null,
              "Max": null,
              "Applied": false,
              "Count": 4,
              "Statement": null,
              "DisplayCoachMarks": false
            },
            {
              "Name": "Fuzzyard",
              "Term": "Fuzzyard",
              "ExtraOutputFields": {},
              "Min": null,
              "Max": null,
              "Applied": false,
              "Count": 1,
              "Statement": null,
              "DisplayCoachMarks": false
            }
          ]
        },
        {
          "Alphabet": "G",
          "Filters": [
            {
              "Name": "Green's",
              "Term": "Green's",
              "ExtraOutputFields": {},
              "Min": null,
              "Max": null,
              "Applied": false,
              "Count": 1,
              "Statement": null,
              "DisplayCoachMarks": false
            }
          ]
        },
        {
          "Alphabet": "H",
          "Filters": [
            {
              "Name": "Heinz",
              "Term": "Heinz",
              "ExtraOutputFields": {},
              "Min": null,
              "Max": null,
              "Applied": false,
              "Count": 3,
              "Statement": null,
              "DisplayCoachMarks": false
            },
            {
              "Name": "Heye Puzzle",
              "Term": "Heye Puzzle",
              "ExtraOutputFields": {},
              "Min": null,
              "Max": null,
              "Applied": false,
              "Count": 1,
              "Statement": null,
              "DisplayCoachMarks": false
            },
            {
              "Name": "Holle",
              "Term": "Holle",
              "ExtraOutputFields": {},
              "Min": null,
              "Max": null,
              "Applied": false,
              "Count": 1,
              "Statement": null,
              "DisplayCoachMarks": false
            }
          ]
        },
        {
          "Alphabet": "I",
          "Filters": []
        },
        {
          "Alphabet": "J",
          "Filters": [
            {
              "Name": "Just Veg.",
              "Term": "Just Veg.",
              "ExtraOutputFields": {},
              "Min": null,
              "Max": null,
              "Applied": false,
              "Count": 3,
              "Statement": null,
              "DisplayCoachMarks": false
            }
          ]
        },
        {
          "Alphabet": "K",
          "Filters": [
            {
              "Name": "Kiddie Connect",
              "Term": "Kiddie Connect",
              "ExtraOutputFields": {},
              "Min": null,
              "Max": null,
              "Applied": false,
              "Count": 1,
              "Statement": null,
              "DisplayCoachMarks": false
            }
          ]
        },
        {
          "Alphabet": "L",
          "Filters": [
            {
              "Name": "Legami",
              "Term": "Legami",
              "ExtraOutputFields": {},
              "Min": null,
              "Max": null,
              "Applied": false,
              "Count": 2,
              "Statement": null,
              "DisplayCoachMarks": false
            },
            {
              "Name": "Little Bellies",
              "Term": "Little Bellies",
              "ExtraOutputFields": {},
              "Min": null,
              "Max": null,
              "Applied": false,
              "Count": 3,
              "Statement": null,
              "DisplayCoachMarks": false
            }
          ]
        },
        {
          "Alphabet": "M",
          "Filters": [
            {
              "Name": "Macro",
              "Term": "Macro",
              "ExtraOutputFields": {},
              "Min": null,
              "Max": null,
              "Applied": false,
              "Count": 6,
              "Statement": null,
              "DisplayCoachMarks": false
            },
            {
              "Name": "Macro Organic",
              "Term": "Macro Organic",
              "ExtraOutputFields": {},
              "Min": null,
              "Max": null,
              "Applied": false,
              "Count": 2,
              "Statement": null,
              "DisplayCoachMarks": false
            },
            {
              "Name": "Mavella",
              "Term": "Mavella",
              "ExtraOutputFields": {},
              "Min": null,
              "Max": null,
              "Applied": false,
              "Count": 1,
              "Statement": null,
              "DisplayCoachMarks": false
            },
            {
              "Name": "McCain",
              "Term": "McCain",
              "ExtraOutputFields": {},
              "Min": null,
              "Max": null,
              "Applied": false,
              "Count": 3,
              "Statement": null,
              "DisplayCoachMarks": false
            },
            {
              "Name": "McFarlane Toys",
              "Term": "McFarlane Toys",
              "ExtraOutputFields": {},
              "Min": null,
              "Max": null,
              "Applied": false,
              "Count": 1,
              "Statement": null,
              "DisplayCoachMarks": false
            },
            {
              "Name": "MDI",
              "Term": "MDI",
              "ExtraOutputFields": {},
              "Min": null,
              "Max": null,
              "Applied": false,
              "Count": 1,
              "Statement": null,
              "DisplayCoachMarks": false
            },
            {
              "Name": "Meteor Party",
              "Term": "Meteor Party",
              "ExtraOutputFields": {},
              "Min": null,
              "Max": null,
              "Applied": false,
              "Count": 1,
              "Statement": null,
              "DisplayCoachMarks": false
            },
            {
              "Name": "My Dog",
              "Term": "My Dog",
              "ExtraOutputFields": {},
              "Min": null,
              "Max": null,
              "Applied": false,
              "Count": 1,
              "Statement": null,
              "DisplayCoachMarks": false
            }
          ]
        },
        {
          "Alphabet": "N",
          "Filters": [
            {
              "Name": "Nature Island",
              "Term": "Nature Island",
              "ExtraOutputFields": {},
              "Min": null,
              "Max": null,
              "Applied": false,
              "Count": 1,
              "Statement": null,
              "DisplayCoachMarks": false
            },
            {
              "Name": "Nature's Gift",
              "Term": "Nature's Gift",
              "ExtraOutputFields": {},
              "Min": null,
              "Max": null,
              "Applied": false,
              "Count": 1,
              "Statement": null,
              "DisplayCoachMarks": false
            },
            {
              "Name": "Nevenka",
              "Term": "Nevenka",
              "ExtraOutputFields": {},
              "Min": null,
              "Max": null,
              "Applied": false,
              "Count": 5,
              "Statement": null,
              "DisplayCoachMarks": false
            },
            {
              "Name": "Nibbler",
              "Term": "Nibbler",
              "ExtraOutputFields": {},
              "Min": null,
              "Max": null,
              "Applied": false,
              "Count": 1,
              "Statement": null,
              "DisplayCoachMarks": false
            },
            {
              "Name": "Noshu",
              "Term": "Noshu",
              "ExtraOutputFields": {},
              "Min": null,
              "Max": null,
              "Applied": false,
              "Count": 1,
              "Statement": null,
              "DisplayCoachMarks": false
            },
            {
              "Name": "Nudie",
              "Term": "Nudie",
              "ExtraOutputFields": {},
              "Min": null,
              "Max": null,
              "Applied": false,
              "Count": 4,
              "Statement": null,
              "DisplayCoachMarks": false
            }
          ]
        },
        {
          "Alphabet": "O",
          "Filters": [
            {
              "Name": "Oceana",
              "Term": "Oceana",
              "ExtraOutputFields": {},
              "Min": null,
              "Max": null,
              "Applied": false,
              "Count": 1,
              "Statement": null,
              "DisplayCoachMarks": false
            },
            {
              "Name": "Only Organic",
              "Term": "Only Organic",
              "ExtraOutputFields": {},
              "Min": null,
              "Max": null,
              "Applied": false,
              "Count": 4,
              "Statement": null,
              "DisplayCoachMarks": false
            },
            {
              "Name": "Ottie",
              "Term": "Ottie",
              "ExtraOutputFields": {},
              "Min": null,
              "Max": null,
              "Applied": false,
              "Count": 1,
              "Statement": null,
              "DisplayCoachMarks": false
            },
            {
              "Name": "Our Pets",
              "Term": "Our Pets",
              "ExtraOutputFields": {},
              "Min": null,
              "Max": null,
              "Applied": false,
              "Count": 2,
              "Statement": null,
              "DisplayCoachMarks": false
            },
            {
              "Name": "Outward Hound",
              "Term": "Outward Hound",
              "ExtraOutputFields": {},
              "Min": null,
              "Max": null,
              "Applied": false,
              "Count": 1,
              "Statement": null,
              "DisplayCoachMarks": false
            }
          ]
        },
        {
          "Alphabet": "P",
          "Filters": [
            {
              "Name": "PaWz",
              "Term": "PaWz",
              "ExtraOutputFields": {},
              "Min": null,
              "Max": null,
              "Applied": false,
              "Count": 1,
              "Statement": null,
              "DisplayCoachMarks": false
            },
            {
              "Name": "PBCo.",
              "Term": "PBCo.",
              "ExtraOutputFields": {},
              "Min": null,
              "Max": null,
              "Applied": false,
              "Count": 1,
              "Statement": null,
              "DisplayCoachMarks": false
            },
            {
              "Name": "Pet One",
              "Term": "Pet One",
              "ExtraOutputFields": {},
              "Min": null,
              "Max": null,
              "Applied": false,
              "Count": 2,
              "Statement": null,
              "DisplayCoachMarks": false
            },
            {
              "Name": "Pocket Money Fun",
              "Term": "Pocket Money Fun",
              "ExtraOutputFields": {},
              "Min": null,
              "Max": null,
              "Applied": false,
              "Count": 1,
              "Statement": null,
              "DisplayCoachMarks": false
            },
            {
              "Name": "Prime Pantry",
              "Term": "Prime Pantry",
              "ExtraOutputFields": {},
              "Min": null,
              "Max": null,
              "Applied": false,
              "Count": 1,
              "Statement": null,
              "DisplayCoachMarks": false
            }
          ]
        },
        {
          "Alphabet": "Q",
          "Filters": []
        },
        {
          "Alphabet": "R",
          "Filters": [
            {
              "Name": "Rafferty's Garden",
              "Term": "Rafferty's Garden",
              "ExtraOutputFields": {},
              "Min": null,
              "Max": null,
              "Applied": false,
              "Count": 5,
              "Statement": null,
              "DisplayCoachMarks": false
            },
            {
              "Name": "Rosewood",
              "Term": "Rosewood",
              "ExtraOutputFields": {},
              "Min": null,
              "Max": null,
              "Applied": false,
              "Count": 10,
              "Statement": null,
              "DisplayCoachMarks": false
            }
          ]
        },
        {
          "Alphabet": "S",
          "Filters": [
            {
              "Name": "Sara Lee",
              "Term": "Sara Lee",
              "ExtraOutputFields": {},
              "Min": null,
              "Max": null,
              "Applied": false,
              "Count": 1,
              "Statement": null,
              "DisplayCoachMarks": false
            },
            {
              "Name": "Simply Wholesome Pantry",
              "Term": "Simply Wholesome Pantry",
              "ExtraOutputFields": {},
              "Min": null,
              "Max": null,
              "Applied": false,
              "Count": 1,
              "Statement": null,
              "DisplayCoachMarks": false
            }
          ]
        },
        {
          "Alphabet": "T",
          "Filters": [
            {
              "Name": "Tasti",
              "Term": "Tasti",
              "ExtraOutputFields": {},
              "Min": null,
              "Max": null,
              "Applied": false,
              "Count": 1,
              "Statement": null,
              "DisplayCoachMarks": false
            },
            {
              "Name": "Tender Leaf",
              "Term": "Tender Leaf",
              "ExtraOutputFields": {},
              "Min": null,
              "Max": null,
              "Applied": false,
              "Count": 1,
              "Statement": null,
              "DisplayCoachMarks": false
            },
            {
              "Name": "Tender Leaf Toys",
              "Term": "Tender Leaf Toys",
              "ExtraOutputFields": {},
              "Min": null,
              "Max": null,
              "Applied": false,
              "Count": 1,
              "Statement": null,
              "DisplayCoachMarks": false
            },
            {
              "Name": "The Odd Bunch",
              "Term": "The Odd Bunch",
              "ExtraOutputFields": {},
              "Min": null,
              "Max": null,
              "Applied": false,
              "Count": 1,
              "Statement": null,
              "DisplayCoachMarks": false
            }
          ]
        },
        {
          "Alphabet": "U",
          "Filters": [
            {
              "Name": "Unique",
              "Term": "Unique",
              "ExtraOutputFields": {},
              "Min": null,
              "Max": null,
              "Applied": false,
              "Count": 1,
              "Statement": null,
              "DisplayCoachMarks": false
            }
          ]
        },
        {
          "Alphabet": "V",
          "Filters": [
            {
              "Name": "V.I.P.",
              "Term": "V.I.P.",
              "ExtraOutputFields": {},
              "Min": null,
              "Max": null,
              "Applied": false,
              "Count": 1,
              "Statement": null,
              "DisplayCoachMarks": false
            },
            {
              "Name": "V8",
              "Term": "V8",
              "ExtraOutputFields": {},
              "Min": null,
              "Max": null,
              "Applied": false,
              "Count": 1,
              "Statement": null,
              "DisplayCoachMarks": false
            }
          ]
        },
        {
          "Alphabet": "W",
          "Filters": [
            {
              "Name": "Whole Kids",
              "Term": "Whole Kids",
              "ExtraOutputFields": {},
              "Min": null,
              "Max": null,
              "Applied": false,
              "Count": 1,
              "Statement": null,
              "DisplayCoachMarks": false
            },
            {
              "Name": "Woolworths",
              "Term": "Woolworths",
              "ExtraOutputFields": {},
              "Min": null,
              "Max": null,
              "Applied": false,
              "Count": 19,
              "Statement": null,
              "DisplayCoachMarks": false
            }
          ]
        },
        {
          "Alphabet": "X",
          "Filters": []
        },
        {
          "Alphabet": "Y",
          "Filters": [
            {
              "Name": "Yates",
              "Term": "Yates",
              "ExtraOutputFields": {},
              "Min": null,
              "Max": null,
              "Applied": false,
              "Count": 1,
              "Statement": null,
              "DisplayCoachMarks": false
            }
          ]
        },
        {
          "Alphabet": "Z",
          "Filters": [
            {
              "Name": "Zippy Paws",
              "Term": "Zippy Paws",
              "ExtraOutputFields": {},
              "Min": null,
              "Max": null,
              "Applied": false,
              "Count": 1,
              "Statement": null,
              "DisplayCoachMarks": false
            }
          ]
        }
      ],
      "State": "Closed",
      "Rank": 2,
      "AdditionalResults": false,
      "DesignType": "Default",
      "ShowFilter": true,
      "Statement": null,
      "DisplayCoachMarks": false,
      "DisplayIcons": false
    },
    {
      "Name": "Allergens",
      "DisplayName": "Allergens",
      "Type": "Multi",
      "FilterType": "Term",
      "FilterDataType": "String",
      "Results": null,
      "ResultsGrouped": [
        {
          "Alphabet": "0-9",
          "Filters": []
        },
        {
          "Alphabet": "A",
          "Filters": []
        },
        {
          "Alphabet": "B",
          "Filters": []
        },
        {
          "Alphabet": "C",
          "Filters": []
        },
        {
          "Alphabet": "D",
          "Filters": [
            {
              "Name": "Dairy Free",
              "Term": "Dairy Free",
              "ExtraOutputFields": {},
              "Min": null,
              "Max": null,
              "Applied": false,
              "Count": 46,
              "Statement": null,
              "DisplayCoachMarks": false
            }
          ]
        },
        {
          "Alphabet": "E",
          "Filters": [
            {
              "Name": "Egg Free",
              "Term": "Egg Free",
              "ExtraOutputFields": {},
              "Min": null,
              "Max": null,
              "Applied": false,
              "Count": 58,
              "Statement": null,
              "DisplayCoachMarks": false
            }
          ]
        },
        {
          "Alphabet": "F",
          "Filters": [
            {
              "Name": "Fish Free",
              "Term": "Fish Free",
              "ExtraOutputFields": {},
              "Min": null,
              "Max": null,
              "Applied": false,
              "Count": 66,
              "Statement": null,
              "DisplayCoachMarks": false
            }
          ]
        },
        {
          "Alphabet": "G",
          "Filters": [
            {
              "Name": "Gluten Free",
              "Term": "Gluten Free",
              "ExtraOutputFields": {},
              "Min": null,
              "Max": null,
              "Applied": false,
              "Count": 53,
              "Statement": null,
              "DisplayCoachMarks": false
            }
          ]
        },
        {
          "Alphabet": "H",
          "Filters": []
        },
        {
          "Alphabet": "I",
          "Filters": []
        },
        {
          "Alphabet": "J",
          "Filters": []
        },
        {
          "Alphabet": "K",
          "Filters": []
        },
        {
          "Alphabet": "L",
          "Filters": [
            {
              "Name": "Lactose Free",
              "Term": "Lactose Free",
              "ExtraOutputFields": {},
              "Min": null,
              "Max": null,
              "Applied": false,
              "Count": 45,
              "Statement": null,
              "DisplayCoachMarks": false
            }
          ]
        },
        {
          "Alphabet": "M",
          "Filters": []
        },
        {
          "Alphabet": "N",
          "Filters": [
            {
              "Name": "No Artificial Colours or Flavours",
              "Term": "No Artificial Colours or Flavours",
              "ExtraOutputFields": {},
              "Min": null,
              "Max": null,
              "Applied": false,
              "Count": 19,
              "Statement": null,
              "DisplayCoachMarks": false
            },
            {
              "Name": "No Artificial Preservatives",
              "Term": "No Artificial Preservatives",
              "ExtraOutputFields": {},
              "Min": null,
              "Max": null,
              "Applied": false,
              "Count": 15,
              "Statement": null,
              "DisplayCoachMarks": false
            }
          ]
        },
        {
          "Alphabet": "O",
          "Filters": []
        },
        {
          "Alphabet": "P",
          "Filters": []
        },
        {
          "Alphabet": "Q",
          "Filters": []
        },
        {
          "Alphabet": "R",
          "Filters": []
        },
        {
          "Alphabet": "S",
          "Filters": [
            {
              "Name": "Soy Free",
              "Term": "Soy Free",
              "ExtraOutputFields": {},
              "Min": null,
              "Max": null,
              "Applied": false,
              "Count": 52,
              "Statement": null,
              "DisplayCoachMarks": false
            }
          ]
        },
        {
          "Alphabet": "T",
          "Filters": []
        },
        {
          "Alphabet": "U",
          "Filters": []
        },
        {
          "Alphabet": "V",
          "Filters": []
        },
        {
          "Alphabet": "W",
          "Filters": [
            {
              "Name": "Wheat Free",
              "Term": "Wheat Free",
              "ExtraOutputFields": {},
              "Min": null,
              "Max": null,
              "Applied": false,
              "Count": 55,
              "Statement": null,
              "DisplayCoachMarks": false
            }
          ]
        },
        {
          "Alphabet": "X",
          "Filters": []
        },
        {
          "Alphabet": "Y",
          "Filters": []
        },
        {
          "Alphabet": "Z",
          "Filters": []
        }
      ],
      "State": "Closed",
      "Rank": 3,
      "AdditionalResults": false,
      "DesignType": "Default",
      "ShowFilter": true,
      "Statement": "<div style=\"display:flex; flex-direction:row; align-items:flex-start; padding:16px; gap:16px; border-radius:8px; background-color:rgb(237, 245, 250); margin-bottom: 20px;\"><i style=\"display: flex;\" class=\"iconNoti-Info_Circle_Filled hide-in-mobile\" aria-label=\"information\"><i class=\"path1 icon\"></i> <i class=\"path2 icon\"></i><i class=\"path3 icon\"></i></i><div><p class=\"hide-in-mobile\" style=\"font-weight: 500; font-size: 14px; line-height: 20px; color: rgba(58, 71, 78); align-self: stretch; margin-bottom: 8px;\">Filters are a guide only</p><span style=\"font-weight: 400; font-size: 14px; line-height: 20px;\">Please always check the product label or enquire with the manufacturer before consuming.<br><a aria-label=\"Learn about our filters curated by SpoonGuru, This opens a new tab\" href=\"https://www.woolworths.com.au/shop/discover/healthy-eating/allergies-and-intolerances/filters\" target=\"_blank\">Learn about our filters  <i aria-hidden=\"true\" class=\"iconAct-External_Link\"></i></a></span></div><div style=\"align-items: top;\" aria-label=\"Powered by Spoon Guru\"><img aria-hidden=\"true\" class=\"hide-in-mobile\" src=\"https://uatcdn0.woolworths.media/wowssr/a10/browser/assets/images/search/spoon-guru.png\" alt=\"Powered by Spoon Guru\" style=\"height: 24px; width: 66px; display: block;\"/></div></div>",
      "DisplayCoachMarks": false,
      "DisplayIcons": false
    },
    {
      "Name": "Lifestyle",
      "DisplayName": "Dietary and Lifestyle",
      "Type": "Multi",
      "FilterType": "Term",
      "FilterDataType": "String",
      "Results": null,
      "ResultsGrouped": [
        {
          "Alphabet": "0-9",
          "Filters": []
        },
        {
          "Alphabet": "A",
          "Filters": []
        },
        {
          "Alphabet": "B",
          "Filters": []
        },
        {
          "Alphabet": "C",
          "Filters": []
        },
        {
          "Alphabet": "D",
          "Filters": []
        },
        {
          "Alphabet": "E",
          "Filters": []
        },
        {
          "Alphabet": "F",
          "Filters": []
        },
        {
          "Alphabet": "G",
          "Filters": [
            {
              "Name": "Gluten Free",
              "Term": "Gluten Free",
              "ExtraOutputFields": {},
              "Min": null,
              "Max": null,
              "Applied": false,
              "Count": 53,
              "Statement": null,
              "DisplayCoachMarks": false
            }
          ]
        },
        {
          "Alphabet": "H",
          "Filters": [
            {
              "Name": "High Fibre",
              "Term": "High Fibre",
              "ExtraOutputFields": {},
              "Min": null,
              "Max": null,
              "Applied": false,
              "Count": 9,
              "Statement": null,
              "DisplayCoachMarks": false
            },
            {
              "Name": "High Protein",
              "Term": "High Protein",
              "ExtraOutputFields": {},
              "Min": null,
              "Max": null,
              "Applied": false,
              "Count": 1,
              "Statement": null,
              "DisplayCoachMarks": false
            }
          ]
        },
        {
          "Alphabet": "I",
          "Filters": []
        },
        {
          "Alphabet": "J",
          "Filters": []
        },
        {
          "Alphabet": "K",
          "Filters": []
        },
        {
          "Alphabet": "L",
          "Filters": [
            {
              "Name": "Low Fat",
              "Term": "Low Fat",
              "ExtraOutputFields": {},
              "Min": null,
              "Max": null,
              "Applied": false,
              "Count": 49,
              "Statement": null,
              "DisplayCoachMarks": false
            },
            {
              "Name": "Low Salt",
              "Term": "Low Salt",
              "ExtraOutputFields": {},
              "Min": null,
              "Max": null,
              "Applied": false,
              "Count": 50,
              "Statement": null,
              "DisplayCoachMarks": false
            },
            {
              "Name": "Low Saturated Fat",
              "Term": "Low Saturated Fat",
              "ExtraOutputFields": {},
              "Min": null,
              "Max": null,
              "Applied": false,
              "Count": 3,
              "Statement": null,
              "DisplayCoachMarks": false
            },
            {
              "Name": "Low Sugar",
              "Term": "Low Sugar",
              "ExtraOutputFields": {},
              "Min": null,
              "Max": null,
              "Applied": false,
              "Count": 49,
              "Statement": null,
              "DisplayCoachMarks": false
            }
          ]
        },
        {
          "Alphabet": "M",
          "Filters": []
        },
        {
          "Alphabet": "N",
          "Filters": []
        },
        {
          "Alphabet": "O",
          "Filters": [
            {
              "Name": "Organic",
              "Term": "Organic",
              "ExtraOutputFields": {},
              "Min": null,
              "Max": null,
              "Applied": false,
              "Count": 15,
              "Statement": null,
              "DisplayCoachMarks": false
            }
          ]
        },
        {
          "Alphabet": "P",
          "Filters": []
        },
        {
          "Alphabet": "Q",
          "Filters": []
        },
        {
          "Alphabet": "R",
          "Filters": []
        },
        {
          "Alphabet": "S",
          "Filters": [
            {
              "Name": "Source of Fibre",
              "Term": "Source of Fibre",
              "ExtraOutputFields": {},
              "Min": null,
              "Max": null,
              "Applied": false,
              "Count": 34,
              "Statement": null,
              "DisplayCoachMarks": false
            },
            {
              "Name": "Source of Protein",
              "Term": "Source of Protein",
              "ExtraOutputFields": {},
              "Min": null,
              "Max": null,
              "Applied": false,
              "Count": 6,
              "Statement": null,
              "DisplayCoachMarks": false
            }
          ]
        },
        {
          "Alphabet": "T",
          "Filters": []
        },
        {
          "Alphabet": "U",
          "Filters": []
        },
        {
          "Alphabet": "V",
          "Filters": [
            {
              "Name": "Vegan",
              "Term": "Vegan",
              "ExtraOutputFields": {},
              "Min": null,
              "Max": null,
              "Applied": false,
              "Count": 54,
              "Statement": null,
              "DisplayCoachMarks": false
            },
            {
              "Name": "Vegetarian",
              "Term": "Vegetarian",
              "ExtraOutputFields": {},
              "Min": null,
              "Max": null,
              "Applied": false,
              "Count": 63,
              "Statement": null,
              "DisplayCoachMarks": false
            }
          ]
        },
        {
          "Alphabet": "W",
          "Filters": []
        },
        {
          "Alphabet": "X",
          "Filters": []
        },
        {
          "Alphabet": "Y",
          "Filters": []
        },
        {
          "Alphabet": "Z",
          "Filters": []
        }
      ],
      "State": "Closed",
      "Rank": 4,
      "AdditionalResults": false,
      "DesignType": "Default",
      "ShowFilter": true,
      "Statement": "<div style=\"display:flex; flex-direction:row; align-items:flex-start; padding:16px; gap:16px; border-radius:8px; background-color:rgb(237, 245, 250); margin-bottom: 20px;\"><i style=\"display: flex;\" class=\"iconNoti-Info_Circle_Filled hide-in-mobile\" aria-label=\"information\"><i class=\"path1 icon\"></i> <i class=\"path2 icon\"></i><i class=\"path3 icon\"></i></i><div><p class=\"hide-in-mobile\" style=\"font-weight: 500; font-size: 14px; line-height: 20px; color: rgba(58, 71, 78); align-self: stretch; margin-bottom: 8px;\">Filters are a guide only</p><span style=\"font-weight: 400; font-size: 14px; line-height: 20px;\">Please always check the product label or enquire with the manufacturer before consuming.<br><a aria-label=\"Learn about our filters curated by SpoonGuru, This opens a new tab\" href=\"https://www.woolworths.com.au/shop/discover/healthy-eating/allergies-and-intolerances/filters\" target=\"_blank\">Learn about our filters  <i aria-hidden=\"true\" class=\"iconAct-External_Link\"></i></a></span></div><div style=\"align-items: top;\" aria-label=\"Powered by Spoon Guru\"><img aria-hidden=\"true\" class=\"hide-in-mobile\" src=\"https://uatcdn0.woolworths.media/wowssr/a10/browser/assets/images/search/spoon-guru.png\" alt=\"Powered by Spoon Guru\" style=\"height: 24px; width: 66px; display: block;\"/></div></div>",
      "DisplayCoachMarks": false,
      "DisplayIcons": false
    },
    {
      "Name": "Healthstar",
      "DisplayName": "Health Star Rating",
      "Type": "Multi",
      "FilterType": "Term",
      "FilterDataType": "String",
      "Results": null,
      "ResultsGrouped": [
        {
          "Alphabet": "0-9",
          "Filters": [
            {
              "Name": "1.5",
              "Term": "1.5",
              "ExtraOutputFields": {},
              "Min": null,
              "Max": null,
              "Applied": false,
              "Count": 4,
              "Statement": null,
              "DisplayCoachMarks": false
            },
            {
              "Name": "2",
              "Term": "2",
              "ExtraOutputFields": {},
              "Min": null,
              "Max": null,
              "Applied": false,
              "Count": 1,
              "Statement": null,
              "DisplayCoachMarks": false
            },
            {
              "Name": "2.5",
              "Term": "2.5",
              "ExtraOutputFields": {},
              "Min": null,
              "Max": null,
              "Applied": false,
              "Count": 1,
              "Statement": null,
              "DisplayCoachMarks": false
            },
            {
              "Name": "3",
              "Term": "3",
              "ExtraOutputFields": {},
              "Min": null,
              "Max": null,
              "Applied": false,
              "Count": 3,
              "Statement": null,
              "DisplayCoachMarks": false
            },
            {
              "Name": "3.5",
              "Term": "3.5",
              "ExtraOutputFields": {},
              "Min": null,
              "Max": null,
              "Applied": false,
              "Count": 3,
              "Statement": null,
              "DisplayCoachMarks": false
            },
            {
              "Name": "4",
              "Term": "4",
              "ExtraOutputFields": {},
              "Min": null,
              "Max": null,
              "Applied": false,
              "Count": 6,
              "Statement": null,
              "DisplayCoachMarks": false
            },
            {
              "Name": "4.5",
              "Term": "4.5",
              "ExtraOutputFields": {},
              "Min": null,
              "Max": null,
              "Applied": false,
              "Count": 3,
              "Statement": null,
              "DisplayCoachMarks": false
            },
            {
              "Name": "5",
              "Term": "5",
              "ExtraOutputFields": {},
              "Min": null,
              "Max": null,
              "Applied": false,
              "Count": 35,
              "Statement": null,
              "DisplayCoachMarks": false
            }
          ]
        },
        {
          "Alphabet": "A",
          "Filters": []
        },
        {
          "Alphabet": "B",
          "Filters": []
        },
        {
          "Alphabet": "C",
          "Filters": []
        },
        {
          "Alphabet": "D",
          "Filters": []
        },
        {
          "Alphabet": "E",
          "Filters": []
        },
        {
          "Alphabet": "F",
          "Filters": []
        },
        {
          "Alphabet": "G",
          "Filters": []
        },
        {
          "Alphabet": "H",
          "Filters": []
        },
        {
          "Alphabet": "I",
          "Filters": []
        },
        {
          "Alphabet": "J",
          "Filters": []
        },
        {
          "Alphabet": "K",
          "Filters": []
        },
        {
          "Alphabet": "L",
          "Filters": []
        },
        {
          "Alphabet": "M",
          "Filters": []
        },
        {
          "Alphabet": "N",
          "Filters": []
        },
        {
          "Alphabet": "O",
          "Filters": []
        },
        {
          "Alphabet": "P",
          "Filters": []
        },
        {
          "Alphabet": "Q",
          "Filters": []
        },
        {
          "Alphabet": "R",
          "Filters": []
        },
        {
          "Alphabet": "S",
          "Filters": []
        },
        {
          "Alphabet": "T",
          "Filters": []
        },
        {
          "Alphabet": "U",
          "Filters": []
        },
        {
          "Alphabet": "V",
          "Filters": []
        },
        {
          "Alphabet": "W",
          "Filters": []
        },
        {
          "Alphabet": "X",
          "Filters": []
        },
        {
          "Alphabet": "Y",
          "Filters": []
        },
        {
          "Alphabet": "Z",
          "Filters": []
        }
      ],
      "State": "Closed",
      "Rank": 5,
      "AdditionalResults": false,
      "DesignType": "Default",
      "ShowFilter": true,
      "Statement": null,
      "DisplayCoachMarks": false,
      "DisplayIcons": false
    },
    {
      "Name": "Vendor",
      "DisplayName": "Everyday Market Partner",
      "Type": "Multi",
      "FilterType": "Term",
      "FilterDataType": "String",
      "Results": null,
      "ResultsGrouped": [
        {
          "Alphabet": "0-9",
          "Filters": []
        },
        {
          "Alphabet": "A",
          "Filters": [
            {
              "Name": "Aimall Pty. Ltd.",
              "Term": "Aimall Pty. Ltd.",
              "ExtraOutputFields": {
                "description": "Aimall Pty. Ltd.",
                "nodelevel": 1,
                "displayorder": 22,
                "parentnodeid": null
              },
              "Min": null,
              "Max": null,
              "Applied": false,
              "Count": 1,
              "Statement": null,
              "DisplayCoachMarks": false
            },
            {
              "Name": "All4Kids",
              "Term": "All4Kids",
              "ExtraOutputFields": {
                "description": "All4Kids",
                "nodelevel": 1,
                "displayorder": 23,
                "parentnodeid": null
              },
              "Min": null,
              "Max": null,
              "Applied": false,
              "Count": 1,
              "Statement": null,
              "DisplayCoachMarks": false
            }
          ]
        },
        {
          "Alphabet": "B",
          "Filters": [
            {
              "Name": "Boutique Retailer",
              "Term": "Boutique Retailer",
              "ExtraOutputFields": {
                "description": "Boutique Retailer",
                "nodelevel": 1,
                "displayorder": 24,
                "parentnodeid": null
              },
              "Min": null,
              "Max": null,
              "Applied": false,
              "Count": 1,
              "Statement": null,
              "DisplayCoachMarks": false
            }
          ]
        },
        {
          "Alphabet": "C",
          "Filters": [
            {
              "Name": "Catzon",
              "Term": "Catzon",
              "ExtraOutputFields": {
                "description": "Catzon",
                "nodelevel": 1,
                "displayorder": 10,
                "parentnodeid": null
              },
              "Min": null,
              "Max": null,
              "Applied": false,
              "Count": 4,
              "Statement": null,
              "DisplayCoachMarks": false
            },
            {
              "Name": "Christmas Complete",
              "Term": "Christmas Complete",
              "ExtraOutputFields": {
                "description": "Christmas Complete",
                "nodelevel": 1,
                "displayorder": 6,
                "parentnodeid": null
              },
              "Min": null,
              "Max": null,
              "Applied": false,
              "Count": 5,
              "Statement": null,
              "DisplayCoachMarks": false
            },
            {
              "Name": "Costumes World",
              "Term": "Costumes World",
              "ExtraOutputFields": {
                "description": "Costumes World",
                "nodelevel": 1,
                "displayorder": 3,
                "parentnodeid": null
              },
              "Min": null,
              "Max": null,
              "Applied": false,
              "Count": 8,
              "Statement": null,
              "DisplayCoachMarks": false
            }
          ]
        },
        {
          "Alphabet": "D",
          "Filters": [
            {
              "Name": "deal365",
              "Term": "deal365",
              "ExtraOutputFields": {
                "description": "deal365",
                "nodelevel": 1,
                "displayorder": 40,
                "parentnodeid": null
              },
              "Min": null,
              "Max": null,
              "Applied": false,
              "Count": 1,
              "Statement": null,
              "DisplayCoachMarks": false
            },
            {
              "Name": "Discount Party Supplies",
              "Term": "Discount Party Supplies",
              "ExtraOutputFields": {
                "description": "Discount Party Supplies",
                "nodelevel": 1,
                "displayorder": 13,
                "parentnodeid": null
              },
              "Min": null,
              "Max": null,
              "Applied": false,
              "Count": 3,
              "Statement": null,
              "DisplayCoachMarks": false
            }
          ]
        },
        {
          "Alphabet": "E",
          "Filters": [
            {
              "Name": "Edragon Australia",
              "Term": "Edragon Australia",
              "ExtraOutputFields": {
                "description": "Edragon Australia",
                "nodelevel": 1,
                "displayorder": 14,
                "parentnodeid": null
              },
              "Min": null,
              "Max": null,
              "Applied": false,
              "Count": 3,
              "Statement": null,
              "DisplayCoachMarks": false
            },
            {
              "Name": "Entertainment King",
              "Term": "Entertainment King",
              "ExtraOutputFields": {
                "description": "Entertainment King",
                "nodelevel": 1,
                "displayorder": 25,
                "parentnodeid": null
              },
              "Min": null,
              "Max": null,
              "Applied": false,
              "Count": 1,
              "Statement": null,
              "DisplayCoachMarks": false
            }
          ]
        },
        {
          "Alphabet": "F",
          "Filters": [
            {
              "Name": "Fresh Cosmetics",
              "Term": "Fresh Cosmetics",
              "ExtraOutputFields": {
                "description": "Fresh Cosmetics",
                "nodelevel": 1,
                "displayorder": 11,
                "parentnodeid": null
              },
              "Min": null,
              "Max": null,
              "Applied": false,
              "Count": 4,
              "Statement": null,
              "DisplayCoachMarks": false
            }
          ]
        },
        {
          "Alphabet": "G",
          "Filters": []
        },
        {
          "Alphabet": "H",
          "Filters": [
            {
              "Name": "Happy Unicorn",
              "Term": "Happy Unicorn",
              "ExtraOutputFields": {
                "description": "Happy Unicorn",
                "nodelevel": 1,
                "displayorder": 18,
                "parentnodeid": null
              },
              "Min": null,
              "Max": null,
              "Applied": false,
              "Count": 2,
              "Statement": null,
              "DisplayCoachMarks": false
            },
            {
              "Name": "Healthylife",
              "Term": "Healthylife",
              "ExtraOutputFields": {
                "description": "Healthylife",
                "nodelevel": 1,
                "displayorder": 15,
                "parentnodeid": null
              },
              "Min": null,
              "Max": null,
              "Applied": false,
              "Count": 3,
              "Statement": null,
              "DisplayCoachMarks": false
            },
            {
              "Name": "Hello Kitchen",
              "Term": "Hello Kitchen",
              "ExtraOutputFields": {
                "description": "Hello Kitchen",
                "nodelevel": 1,
                "displayorder": 27,
                "parentnodeid": null
              },
              "Min": null,
              "Max": null,
              "Applied": false,
              "Count": 1,
              "Statement": null,
              "DisplayCoachMarks": false
            },
            {
              "Name": "HLT",
              "Term": "HLT",
              "ExtraOutputFields": {
                "description": "HLT",
                "nodelevel": 1,
                "displayorder": 26,
                "parentnodeid": null
              },
              "Min": null,
              "Max": null,
              "Applied": false,
              "Count": 1,
              "Statement": null,
              "DisplayCoachMarks": false
            }
          ]
        },
        {
          "Alphabet": "I",
          "Filters": [
            {
              "Name": "International Commodities Brokers Pty Ltd",
              "Term": "International Commodities Brokers Pty Ltd",
              "ExtraOutputFields": {
                "description": "International Commodities Brokers Pty Ltd",
                "nodelevel": 1,
                "displayorder": 28,
                "parentnodeid": null
              },
              "Min": null,
              "Max": null,
              "Applied": false,
              "Count": 1,
              "Statement": null,
              "DisplayCoachMarks": false
            }
          ]
        },
        {
          "Alphabet": "J",
          "Filters": [
            {
              "Name": "JOYBUY ONLINE",
              "Term": "JOYBUY ONLINE",
              "ExtraOutputFields": {
                "description": "JOYBUY ONLINE",
                "nodelevel": 1,
                "displayorder": 1,
                "parentnodeid": null
              },
              "Min": null,
              "Max": null,
              "Applied": false,
              "Count": 17,
              "Statement": null,
              "DisplayCoachMarks": false
            }
          ]
        },
        {
          "Alphabet": "K",
          "Filters": [
            {
              "Name": "KG Superstore",
              "Term": "KG Superstore",
              "ExtraOutputFields": {
                "description": "KG Superstore",
                "nodelevel": 1,
                "displayorder": 2,
                "parentnodeid": null
              },
              "Min": null,
              "Max": null,
              "Applied": false,
              "Count": 17,
              "Statement": null,
              "DisplayCoachMarks": false
            },
            {
              "Name": "Kitchen Deals Online",
              "Term": "Kitchen Deals Online",
              "ExtraOutputFields": {
                "description": "Kitchen Deals Online",
                "nodelevel": 1,
                "displayorder": 29,
                "parentnodeid": null
              },
              "Min": null,
              "Max": null,
              "Applied": false,
              "Count": 1,
              "Statement": null,
              "DisplayCoachMarks": false
            }
          ]
        },
        {
          "Alphabet": "L",
          "Filters": [
            {
              "Name": "Lemony Gem Toys & Collectables",
              "Term": "Lemony Gem Toys & Collectables",
              "ExtraOutputFields": {
                "description": "Lemony Gem Toys & Collectables",
                "nodelevel": 1,
                "displayorder": 12,
                "parentnodeid": null
              },
              "Min": null,
              "Max": null,
              "Applied": false,
              "Count": 4,
              "Statement": null,
              "DisplayCoachMarks": false
            },
            {
              "Name": "Li'l Treasures",
              "Term": "Li'l Treasures",
              "ExtraOutputFields": {
                "description": "Li'l Treasures",
                "nodelevel": 1,
                "displayorder": 30,
                "parentnodeid": null
              },
              "Min": null,
              "Max": null,
              "Applied": false,
              "Count": 1,
              "Statement": null,
              "DisplayCoachMarks": false
            },
            {
              "Name": "Lucky Pet Supplies",
              "Term": "Lucky Pet Supplies",
              "ExtraOutputFields": {
                "description": "Lucky Pet Supplies",
                "nodelevel": 1,
                "displayorder": 19,
                "parentnodeid": null
              },
              "Min": null,
              "Max": null,
              "Applied": false,
              "Count": 2,
              "Statement": null,
              "DisplayCoachMarks": false
            }
          ]
        },
        {
          "Alphabet": "M",
          "Filters": [
            {
              "Name": "Matchbox",
              "Term": "Matchbox",
              "ExtraOutputFields": {
                "description": "Matchbox",
                "nodelevel": 1,
                "displayorder": 31,
                "parentnodeid": null
              },
              "Min": null,
              "Max": null,
              "Applied": false,
              "Count": 1,
              "Statement": null,
              "DisplayCoachMarks": false
            }
          ]
        },
        {
          "Alphabet": "N",
          "Filters": []
        },
        {
          "Alphabet": "O",
          "Filters": [
            {
              "Name": "OliandOla",
              "Term": "OliandOla",
              "ExtraOutputFields": {
                "description": "OliandOla",
                "nodelevel": 1,
                "displayorder": 32,
                "parentnodeid": null
              },
              "Min": null,
              "Max": null,
              "Applied": false,
              "Count": 1,
              "Statement": null,
              "DisplayCoachMarks": false
            },
            {
              "Name": "Online Party Supplies Australia",
              "Term": "Online Party Supplies Australia",
              "ExtraOutputFields": {
                "description": "Online Party Supplies Australia",
                "nodelevel": 1,
                "displayorder": 20,
                "parentnodeid": null
              },
              "Min": null,
              "Max": null,
              "Applied": false,
              "Count": 2,
              "Statement": null,
              "DisplayCoachMarks": false
            },
            {
              "Name": "Ozcheck Trading Pty Ltd",
              "Term": "Ozcheck Trading Pty Ltd",
              "ExtraOutputFields": {
                "description": "Ozcheck Trading Pty Ltd",
                "nodelevel": 1,
                "displayorder": 33,
                "parentnodeid": null
              },
              "Min": null,
              "Max": null,
              "Applied": false,
              "Count": 1,
              "Statement": null,
              "DisplayCoachMarks": false
            }
          ]
        },
        {
          "Alphabet": "P",
          "Filters": [
            {
              "Name": "Pet Station",
              "Term": "Pet Station",
              "ExtraOutputFields": {
                "description": "Pet Station",
                "nodelevel": 1,
                "displayorder": 34,
                "parentnodeid": null
              },
              "Min": null,
              "Max": null,
              "Applied": false,
              "Count": 1,
              "Statement": null,
              "DisplayCoachMarks": false
            },
            {
              "Name": "PETZOO",
              "Term": "PETZOO",
              "ExtraOutputFields": {
                "description": "PETZOO",
                "nodelevel": 1,
                "displayorder": 16,
                "parentnodeid": null
              },
              "Min": null,
              "Max": null,
              "Applied": false,
              "Count": 3,
              "Statement": null,
              "DisplayCoachMarks": false
            },
            {
              "Name": "Prettyandpractical",
              "Term": "Prettyandpractical",
              "ExtraOutputFields": {
                "description": "Prettyandpractical",
                "nodelevel": 1,
                "displayorder": 35,
                "parentnodeid": null
              },
              "Min": null,
              "Max": null,
              "Applied": false,
              "Count": 1,
              "Statement": null,
              "DisplayCoachMarks": false
            }
          ]
        },
        {
          "Alphabet": "Q",
          "Filters": []
        },
        {
          "Alphabet": "R",
          "Filters": [
            {
              "Name": "REPO GUYS",
              "Term": "REPO GUYS",
              "ExtraOutputFields": {
                "description": "REPO GUYS",
                "nodelevel": 1,
                "displayorder": 36,
                "parentnodeid": null
              },
              "Min": null,
              "Max": null,
              "Applied": false,
              "Count": 1,
              "Statement": null,
              "DisplayCoachMarks": false
            }
          ]
        },
        {
          "Alphabet": "S",
          "Filters": [
            {
              "Name": "Sello Products",
              "Term": "Sello Products",
              "ExtraOutputFields": {
                "description": "Sello Products",
                "nodelevel": 1,
                "displayorder": 37,
                "parentnodeid": null
              },
              "Min": null,
              "Max": null,
              "Applied": false,
              "Count": 1,
              "Statement": null,
              "DisplayCoachMarks": false
            },
            {
              "Name": "Somethings Country",
              "Term": "Somethings Country",
              "ExtraOutputFields": {
                "description": "Somethings Country",
                "nodelevel": 1,
                "displayorder": 38,
                "parentnodeid": null
              },
              "Min": null,
              "Max": null,
              "Applied": false,
              "Count": 1,
              "Statement": null,
              "DisplayCoachMarks": false
            },
            {
              "Name": "Squizzy's Online",
              "Term": "Squizzy's Online",
              "ExtraOutputFields": {
                "description": "Squizzy's Online",
                "nodelevel": 1,
                "displayorder": 17,
                "parentnodeid": null
              },
              "Min": null,
              "Max": null,
              "Applied": false,
              "Count": 3,
              "Statement": null,
              "DisplayCoachMarks": false
            },
            {
              "Name": "Stefitech",
              "Term": "Stefitech",
              "ExtraOutputFields": {
                "description": "Stefitech",
                "nodelevel": 1,
                "displayorder": 5,
                "parentnodeid": null
              },
              "Min": null,
              "Max": null,
              "Applied": false,
              "Count": 6,
              "Statement": null,
              "DisplayCoachMarks": false
            }
          ]
        },
        {
          "Alphabet": "T",
          "Filters": [
            {
              "Name": "The Gamesmen",
              "Term": "The Gamesmen",
              "ExtraOutputFields": {
                "description": "The Gamesmen",
                "nodelevel": 1,
                "displayorder": 39,
                "parentnodeid": null
              },
              "Min": null,
              "Max": null,
              "Applied": false,
              "Count": 1,
              "Statement": null,
              "DisplayCoachMarks": false
            },
            {
              "Name": "The Nile",
              "Term": "The Nile",
              "ExtraOutputFields": {
                "description": "The Nile",
                "nodelevel": 1,
                "displayorder": 7,
                "parentnodeid": null
              },
              "Min": null,
              "Max": null,
              "Applied": false,
              "Count": 5,
              "Statement": null,
              "DisplayCoachMarks": false
            },
            {
              "Name": "Toy Galaxy",
              "Term": "Toy Galaxy",
              "ExtraOutputFields": {
                "description": "Toy Galaxy",
                "nodelevel": 1,
                "displayorder": 21,
                "parentnodeid": null
              },
              "Min": null,
              "Max": null,
              "Applied": false,
              "Count": 2,
              "Statement": null,
              "DisplayCoachMarks": false
            },
            {
              "Name": "Toyberry",
              "Term": "Toyberry",
              "ExtraOutputFields": {
                "description": "Toyberry",
                "nodelevel": 1,
                "displayorder": 4,
                "parentnodeid": null
              },
              "Min": null,
              "Max": null,
              "Applied": false,
              "Count": 8,
              "Statement": null,
              "DisplayCoachMarks": false
            }
          ]
        },
        {
          "Alphabet": "U",
          "Filters": []
        },
        {
          "Alphabet": "V",
          "Filters": []
        },
        {
          "Alphabet": "W",
          "Filters": [
            {
              "Name": "WELLMART",
              "Term": "WELLMART",
              "ExtraOutputFields": {
                "description": "WELLMART",
                "nodelevel": 1,
                "displayorder": 8,
                "parentnodeid": null
              },
              "Min": null,
              "Max": null,
              "Applied": false,
              "Count": 5,
              "Statement": null,
              "DisplayCoachMarks": false
            }
          ]
        },
        {
          "Alphabet": "X",
          "Filters": []
        },
        {
          "Alphabet": "Y",
          "Filters": [
            {
              "Name": "Y Warehouse Pty Ltd",
              "Term": "Y Warehouse Pty Ltd",
              "ExtraOutputFields": {
                "description": "Y Warehouse Pty Ltd",
                "nodelevel": 1,
                "displayorder": 9,
                "parentnodeid": null
              },
              "Min": null,
              "Max": null,
              "Applied": false,
              "Count": 5,
              "Statement": null,
              "DisplayCoachMarks": false
            }
          ]
        },
        {
          "Alphabet": "Z",
          "Filters": []
        }
      ],
      "State": "Closed",
      "Rank": 6,
      "AdditionalResults": false,
      "DesignType": "Default",
      "ShowFilter": true,
      "Statement": null,
      "DisplayCoachMarks": false,
      "DisplayIcons": false
    }
  ],
  "HasTobaccoItems": false,
  "Passes": null,
  "SuggestedTerm": null,
  "FacetFilters": null
}