{
  "scraped_at": "2026-01-24 21:18:28",
  "supermarkets": {
    "woolworths": {
      "count": 20,
      "products": [
        {
          "stockcode": 159074,
          "barcode": "9339687257256",
          "name": "Woolworths Washed & Ready To Cook Mixed Rainbow Vegetables 750g",
          "description": "Woolworths Washed & Ready To<br>Cook Mixed Rainbow... 750g",
          "price": 7.5,
          "was_price": null,
          "on_sale": false,
          "is_half_price": false,
          "savings": 0.0,
          "unit": "Each",
          "cup_price": 10,
          "cup_measure": "1KG",
          "cup_string": "$10.00 / 1KG",
          "package_size": "750g",
          "image_small": "https://cdn0.woolworths.media/content/wowproductimages/small/159074.jpg",
          "image_medium": "https://cdn0.woolworths.media/content/wowproductimages/medium/159074.jpg",
          "image_large": "https://cdn0.woolworths.media/content/wowproductimages/large/159074.jpg",
          "url": "https://www.woolworths.com.au/shop/productdetails/159074/woolworths-washed-ready-to-cook-mixed-rainbow-vegetables",
          "brand": "Woolworths",
          "is_new": false,
          "supply_limit": 8,
          "category": "Food",
          "supermarket": "woolworths",
          "discount_percentage": 0
        },
        {
          "stockcode": 137605,
          "barcode": "0264515000003",
          "name": "Fresh Fennel each",
          "description": "Fresh Fennel  each",
          "price": 4.2,
          "was_price": null,
          "on_sale": false,
          "is_half_price": false,
          "savings": 0.0,
          "unit": "Each",
          "cup_price": 4.2,
          "cup_measure": "1EA",
          "cup_string": "$4.20 / 1EA",
          "package_size": "each",
          "image_small": "https://cdn0.woolworths.media/content/wowproductimages/small/137605.jpg",
          "image_medium": "https://cdn0.woolworths.media/content/wowproductimages/medium/137605.jpg",
          "image_large": "https://cdn0.woolworths.media/content/wowproductimages/large/137605.jpg",
          "url": "https://www.woolworths.com.au/shop/productdetails/137605/fresh-fennel",
          "brand": null,
          "is_new": false,
          "supply_limit": 30,
          "category": "Food",
          "supermarket": "woolworths",
          "discount_percentage": 0
        },
        {
          "stockcode": 147195,
          "barcode": "0264759000005",
          "name": "Fresh Butternut Pumpkin Whole each",
          "description": "Fresh Butternut Pumpkin<br>Whole each",
          "price": 5.22,
          "was_price": null,
          "on_sale": false,
          "is_half_price": false,
          "savings": 0.0,
          "unit": "Each",
          "cup_price": 5.22,
          "cup_measure": "1EA",
          "cup_string": "$5.22 / 1EA",
          "package_size": "each",
          "image_small": "https://cdn0.woolworths.media/content/wowproductimages/small/147195.jpg",
          "image_medium": "https://cdn0.woolworths.media/content/wowproductimages/medium/147195.jpg",
          "image_large": "https://cdn0.woolworths.media/content/wowproductimages/large/147195.jpg",
          "url": "https://www.woolworths.com.au/shop/productdetails/147195/fresh-butternut-pumpkin-whole",
          "brand": null,
          "is_new": false,
          "supply_limit": 36,
          "category": "Food",
          "supermarket": "woolworths",
          "discount_percentage": 0
        },
        {
          "stockcode": 139645,
          "barcode": "0267102000004",
          "name": "Leek Fresh each",
          "description": "Leek Fresh  each",
          "price": 2.9,
          "was_price": null,
          "on_sale": false,
          "is_half_price": false,
          "savings": 0.0,
          "unit": "Each",
          "cup_price": 2.9,
          "cup_measure": "1EA",
          "cup_string": "$2.90 / 1EA",
          "package_size": "each",
          "image_small": "https://cdn0.woolworths.media/content/wowproductimages/small/139645.jpg",
          "image_medium": "https://cdn0.woolworths.media/content/wowproductimages/medium/139645.jpg",
          "image_large": "https://cdn0.woolworths.media/content/wowproductimages/large/139645.jpg",
          "url": "https://www.woolworths.com.au/shop/productdetails/139645/leek-fresh",
          "brand": null,
          "is_new": false,
          "supply_limit": 36,
          "category": "Food",
          "supermarket": "woolworths",
          "discount_percentage": 0
        },
        {
          "stockcode": 365411,
          "barcode": "0262291000002",
          "name": "Woolworths Asparagus Mini each",
          "description": "Woolworths Asparagus Mini  each",
          "price": 3.5,
          "was_price": null,
          "on_sale": false,
          "is_half_price": false,
          "savings": 0.0,
          "unit": "Each",
          "cup_price": 3.5,
          "cup_measure": "1EA",
          "cup_string": "$3.50 / 1EA",
          "package_size": "each",
          "image_small": "https://cdn0.woolworths.media/content/wowproductimages/small/365411.jpg",
          "image_medium": "https://cdn0.woolworths.media/content/wowproductimages/medium/365411.jpg",
          "image_large": "https://cdn0.woolworths.media/content/wowproductimages/large/365411.jpg",
          "url": "https://www.woolworths.com.au/shop/productdetails/365411/woolworths-asparagus-mini",
          "brand": "Woolworths",
          "is_new": false,
          "supply_limit": 22,
          "category": "Food",
          "supermarket": "woolworths",
          "discount_percentage": 0
        },
        {
          "stockcode": 571447,
          "barcode": "9317948012745",
          "name": "Rainbow Vegetables With Herby Seasoned Butter 280g",
          "description": "Rainbow Vegetables 280g<br>Rainbow Vegetables... 280g",
          "price": 5,
          "was_price": null,
          "on_sale": false,
          "is_half_price": false,
          "savings": 0,
          "unit": "Each",
          "cup_price": 17.86,
          "cup_measure": "1KG",
          "cup_string": "$17.86 / 1KG",
          "package_size": "280g",
          "image_small": "https://cdn0.woolworths.media/content/wowproductimages/small/571447.jpg",
          "image_medium": "https://cdn0.woolworths.media/content/wowproductimages/medium/571447.jpg",
          "image_large": "https://cdn0.woolworths.media/content/wowproductimages/large/571447.jpg",
          "url": "https://www.woolworths.com.au/shop/productdetails/571447/rainbow-vegetables-280g-rainbow-vegetables-with-herby-seasoned-butter",
          "brand": "Rainbow Vegetables 280g",
          "is_new": false,
          "supply_limit": 6,
          "category": "Food",
          "supermarket": "woolworths",
          "discount_percentage": 0
        },
        {
          "stockcode": 616009,
          "barcode": "9317948012790",
          "name": "Mediterranean Roast Vegetables With Fresh Lemon & Fetta 300g",
          "description": "Mediterranean Roast<br>Vegetables With... 300g",
          "price": 7,
          "was_price": null,
          "on_sale": false,
          "is_half_price": false,
          "savings": 0,
          "unit": "Each",
          "cup_price": 23.33,
          "cup_measure": "1KG",
          "cup_string": "$23.33 / 1KG",
          "package_size": "300g",
          "image_small": "https://cdn0.woolworths.media/content/wowproductimages/small/616009.jpg",
          "image_medium": "https://cdn0.woolworths.media/content/wowproductimages/medium/616009.jpg",
          "image_large": "https://cdn0.woolworths.media/content/wowproductimages/large/616009.jpg",
          "url": "https://www.woolworths.com.au/shop/productdetails/616009/mediterranean-roast-vegetables-with-fresh-lemon-fetta",
          "brand": null,
          "is_new": false,
          "supply_limit": 4,
          "category": "Food",
          "supermarket": "woolworths",
          "discount_percentage": 0
        },
        {
          "stockcode": 583615,
          "barcode": "9300633636555",
          "name": "Woolworths Roast Mixed Vegetables With Garlic & Rosemary 500g",
          "description": "Woolworths Roast Mixed<br>Vegetables With... 500g",
          "price": 5.5,
          "was_price": null,
          "on_sale": false,
          "is_half_price": false,
          "savings": 0.0,
          "unit": "Each",
          "cup_price": 11,
          "cup_measure": "1KG",
          "cup_string": "$11.00 / 1KG",
          "package_size": "500g",
          "image_small": "https://cdn0.woolworths.media/content/wowproductimages/small/583615.jpg",
          "image_medium": "https://cdn0.woolworths.media/content/wowproductimages/medium/583615.jpg",
          "image_large": "https://cdn0.woolworths.media/content/wowproductimages/large/583615.jpg",
          "url": "https://www.woolworths.com.au/shop/productdetails/583615/woolworths-roast-mixed-vegetables-with-garlic-rosemary",
          "brand": "Woolworths",
          "is_new": false,
          "supply_limit": 16,
          "category": "Food",
          "supermarket": "woolworths",
          "discount_percentage": 0
        },
        {
          "stockcode": 185251,
          "barcode": "9339687277742",
          "name": "Woolworths COOK Stir Fry Mix Rainbow Vegetables 400g",
          "description": "Woolworths COOK Stir Fry Mix<br>Rainbow Vegetables 400g",
          "price": 3.5,
          "was_price": null,
          "on_sale": false,
          "is_half_price": false,
          "savings": 0.0,
          "unit": "Each",
          "cup_price": 8.75,
          "cup_measure": "1KG",
          "cup_string": "$8.75 / 1KG",
          "package_size": "400g",
          "image_small": "https://cdn0.woolworths.media/content/wowproductimages/small/185251.jpg",
          "image_medium": "https://cdn0.woolworths.media/content/wowproductimages/medium/185251.jpg",
          "image_large": "https://cdn0.woolworths.media/content/wowproductimages/large/185251.jpg",
          "url": "https://www.woolworths.com.au/shop/productdetails/185251/woolworths-cook-stir-fry-mix-rainbow-vegetables",
          "brand": "Woolworths",
          "is_new": false,
          "supply_limit": 6,
          "category": "Food",
          "supermarket": "woolworths",
          "discount_percentage": 0
        },
        {
          "stockcode": 158940,
          "barcode": "9339687257195",
          "name": "Woolworths Washed & Ready To Cook Vegetable Medley 150g",
          "description": "Woolworths Washed & Ready To<br>Cook Vegetable... 150g",
          "price": 1.9,
          "was_price": 2.3,
          "on_sale": true,
          "is_half_price": false,
          "savings": 0.4,
          "unit": "Each",
          "cup_price": 12.67,
          "cup_measure": "1KG",
          "cup_string": "$12.67 / 1KG",
          "package_size": "150g",
          "image_small": "https://cdn0.woolworths.media/content/wowproductimages/small/158940.jpg",
          "image_medium": "https://cdn0.woolworths.media/content/wowproductimages/medium/158940.jpg",
          "image_large": "https://cdn0.woolworths.media/content/wowproductimages/large/158940.jpg",
          "url": "https://www.woolworths.com.au/shop/productdetails/158940/woolworths-washed-ready-to-cook-vegetable-medley",
          "brand": "Woolworths",
          "is_new": false,
          "supply_limit": 22,
          "category": "Food",
          "supermarket": "woolworths",
          "discount_percentage": 17.4
        },
        {
          "stockcode": 79931,
          "barcode": "9339687154784",
          "name": "Woolworths Mixed Green Vegetables & Edamame Mint & Chive Butter 225g",
          "description": "Woolworths Mixed Green<br>Vegetables &... 225g",
          "price": 5,
          "was_price": null,
          "on_sale": false,
          "is_half_price": false,
          "savings": 0,
          "unit": "Each",
          "cup_price": 22.22,
          "cup_measure": "1KG",
          "cup_string": "$22.22 / 1KG",
          "package_size": "225g",
          "image_small": "https://cdn0.woolworths.media/content/wowproductimages/small/079931.jpg",
          "image_medium": "https://cdn0.woolworths.media/content/wowproductimages/medium/079931.jpg",
          "image_large": "https://cdn0.woolworths.media/content/wowproductimages/large/079931.jpg",
          "url": "https://www.woolworths.com.au/shop/productdetails/79931/woolworths-mixed-green-vegetables-edamame-mint-chive-butter",
          "brand": "Woolworths",
          "is_new": false,
          "supply_limit": 4,
          "category": "Food",
          "supermarket": "woolworths",
          "discount_percentage": 0
        },
        {
          "stockcode": 6055511,
          "barcode": "9331725009261",
          "name": "Tinyberry Tomatoes 125g",
          "description": "Tinyberry Tomatoes  125g",
          "price": 3,
          "was_price": null,
          "on_sale": false,
          "is_half_price": false,
          "savings": 0,
          "unit": "Each",
          "cup_price": 24,
          "cup_measure": "1KG",
          "cup_string": "$24.00 / 1KG",
          "package_size": "125g",
          "image_small": "https://cdn0.woolworths.media/content/wowproductimages/small/6055511.jpg",
          "image_medium": "https://cdn0.woolworths.media/content/wowproductimages/medium/6055511.jpg",
          "image_large": "https://cdn0.woolworths.media/content/wowproductimages/large/6055511.jpg",
          "url": "https://www.woolworths.com.au/shop/productdetails/6055511/tinyberry-tomatoes",
          "brand": null,
          "is_new": false,
          "supply_limit": 36,
          "category": "Food",
          "supermarket": "woolworths",
          "discount_percentage": 0
        },
        {
          "stockcode": 287948,
          "barcode": "9317948012141",
          "name": "Cauli Blossom Fioretto 250g",
          "description": "Cauli Blossom Fioretto 250g",
          "price": 3.5,
          "was_price": null,
          "on_sale": false,
          "is_half_price": false,
          "savings": 0.0,
          "unit": "Each",
          "cup_price": 14,
          "cup_measure": "1KG",
          "cup_string": "$14.00 / 1KG",
          "package_size": "250g",
          "image_small": "https://cdn0.woolworths.media/content/wowproductimages/small/287948.jpg",
          "image_medium": "https://cdn0.woolworths.media/content/wowproductimages/medium/287948.jpg",
          "image_large": "https://cdn0.woolworths.media/content/wowproductimages/large/287948.jpg",
          "url": "https://www.woolworths.com.au/shop/productdetails/287948/cauli-blossom-fioretto",
          "brand": null,
          "is_new": false,
          "supply_limit": 9,
          "category": "Food",
          "supermarket": "woolworths",
          "discount_percentage": 0
        },
        {
          "stockcode": 6002729,
          "barcode": "9340964000205",
          "name": "Sweet Delight Tomatoes 200g",
          "description": "Sweet Delight Tomatoes  200g",
          "price": null,
          "was_price": null,
          "on_sale": false,
          "is_half_price": false,
          "savings": null,
          "unit": "Each",
          "cup_price": null,
          "cup_measure": "1KG",
          "cup_string": "",
          "package_size": "200g",
          "image_small": "https://cdn0.woolworths.media/content/wowproductimages/small/6002729.jpg",
          "image_medium": "https://cdn0.woolworths.media/content/wowproductimages/medium/6002729.jpg",
          "image_large": "https://cdn0.woolworths.media/content/wowproductimages/large/6002729.jpg",
          "url": "https://www.woolworths.com.au/shop/productdetails/6002729/sweet-delight-tomatoes",
          "brand": null,
          "is_new": false,
          "supply_limit": 36,
          "category": "Food",
          "supermarket": "woolworths",
          "discount_percentage": 0
        },
        {
          "stockcode": 139033,
          "barcode": "9300633225490",
          "name": "Woolworths COOK Stir Fry Mix Traditional Vegetables 400g",
          "description": "Woolworths COOK Stir Fry Mix<br>Traditional... 400g",
          "price": 5,
          "was_price": null,
          "on_sale": false,
          "is_half_price": false,
          "savings": 0,
          "unit": "Each",
          "cup_price": 12.5,
          "cup_measure": "1KG",
          "cup_string": "$12.50 / 1KG",
          "package_size": "400g",
          "image_small": "https://cdn0.woolworths.media/content/wowproductimages/small/139033.jpg",
          "image_medium": "https://cdn0.woolworths.media/content/wowproductimages/medium/139033.jpg",
          "image_large": "https://cdn0.woolworths.media/content/wowproductimages/large/139033.jpg",
          "url": "https://www.woolworths.com.au/shop/productdetails/139033/woolworths-cook-stir-fry-mix-traditional-vegetables",
          "brand": "Woolworths",
          "is_new": false,
          "supply_limit": 19,
          "category": "Food",
          "supermarket": "woolworths",
          "discount_percentage": 0
        },
        {
          "stockcode": 137130,
          "barcode": "0265222000003",
          "name": "Lebanese Cucumbers each",
          "description": "Lebanese Cucumbers  each",
          "price": 0.88,
          "was_price": null,
          "on_sale": false,
          "is_half_price": false,
          "savings": 0.0,
          "unit": "Each",
          "cup_price": 0.88,
          "cup_measure": "1EA",
          "cup_string": "$0.88 / 1EA",
          "package_size": "each",
          "image_small": "https://cdn0.woolworths.media/content/wowproductimages/small/137130.jpg",
          "image_medium": "https://cdn0.woolworths.media/content/wowproductimages/medium/137130.jpg",
          "image_large": "https://cdn0.woolworths.media/content/wowproductimages/large/137130.jpg",
          "url": "https://www.woolworths.com.au/shop/productdetails/137130/lebanese-cucumbers",
          "brand": null,
          "is_new": false,
          "supply_limit": 36,
          "category": "Food",
          "supermarket": "woolworths",
          "discount_percentage": 0
        },
        {
          "stockcode": 134681,
          "barcode": "0264060000008",
          "name": "Fresh Broccoli each",
          "description": "Fresh Broccoli  each",
          "price": 2.61,
          "was_price": null,
          "on_sale": false,
          "is_half_price": false,
          "savings": 0.0,
          "unit": "Each",
          "cup_price": 2.61,
          "cup_measure": "1EA",
          "cup_string": "$2.61 / 1EA",
          "package_size": "each",
          "image_small": "https://cdn0.woolworths.media/content/wowproductimages/small/134681.jpg",
          "image_medium": "https://cdn0.woolworths.media/content/wowproductimages/medium/134681.jpg",
          "image_large": "https://cdn0.woolworths.media/content/wowproductimages/large/134681.jpg",
          "url": "https://www.woolworths.com.au/shop/productdetails/134681/fresh-broccoli",
          "brand": null,
          "is_new": false,
          "supply_limit": 36,
          "category": "Food",
          "supermarket": "woolworths",
          "discount_percentage": 0
        },
        {
          "stockcode": 144497,
          "barcode": "0264082000000",
          "name": "Onion Red each",
          "description": "Onion Red  each",
          "price": 0.83,
          "was_price": null,
          "on_sale": false,
          "is_half_price": false,
          "savings": 0.0,
          "unit": "Each",
          "cup_price": 0.83,
          "cup_measure": "1EA",
          "cup_string": "$0.83 / 1EA",
          "package_size": "each",
          "image_small": "https://cdn0.woolworths.media/content/wowproductimages/small/144497.jpg",
          "image_medium": "https://cdn0.woolworths.media/content/wowproductimages/medium/144497.jpg",
          "image_large": "https://cdn0.woolworths.media/content/wowproductimages/large/144497.jpg",
          "url": "https://www.woolworths.com.au/shop/productdetails/144497/onion-red",
          "brand": null,
          "is_new": false,
          "supply_limit": 36,
          "category": "Food",
          "supermarket": "woolworths",
          "discount_percentage": 0
        },
        {
          "stockcode": 149374,
          "barcode": "0264078000007",
          "name": "Corn Sweet each",
          "description": "Corn Sweet  each",
          "price": 1.7,
          "was_price": null,
          "on_sale": false,
          "is_half_price": false,
          "savings": 0.0,
          "unit": "Each",
          "cup_price": 1.7,
          "cup_measure": "1EA",
          "cup_string": "$1.70 / 1EA",
          "package_size": "each",
          "image_small": "https://cdn0.woolworths.media/content/wowproductimages/small/149374.jpg",
          "image_medium": "https://cdn0.woolworths.media/content/wowproductimages/medium/149374.jpg",
          "image_large": "https://cdn0.woolworths.media/content/wowproductimages/large/149374.jpg",
          "url": "https://www.woolworths.com.au/shop/productdetails/149374/corn-sweet",
          "brand": null,
          "is_new": false,
          "supply_limit": 36,
          "category": "Food",
          "supermarket": "woolworths",
          "discount_percentage": 0
        },
        {
          "stockcode": 134072,
          "barcode": "0265106000006",
          "name": "Beans Round per 250g",
          "description": "Beans Round  per 250g",
          "price": 6.9,
          "was_price": null,
          "on_sale": false,
          "is_half_price": false,
          "savings": 0.0,
          "unit": "KG",
          "cup_price": 6.9,
          "cup_measure": "1KG",
          "cup_string": "$6.90 / 1KG",
          "package_size": "per 250g",
          "image_small": "https://cdn0.woolworths.media/content/wowproductimages/small/134072.jpg",
          "image_medium": "https://cdn0.woolworths.media/content/wowproductimages/medium/134072.jpg",
          "image_large": "https://cdn0.woolworths.media/content/wowproductimages/large/134072.jpg",
          "url": "https://www.woolworths.com.au/shop/productdetails/134072/beans-round",
          "brand": null,
          "is_new": false,
          "supply_limit": 10,
          "category": "Food",
          "supermarket": "woolworths",
          "discount_percentage": 0
        }
      ]
    },
    "coles": {
      "count": 48,
      "products": [
        {
          "product_id": 407755,
          "name": "Broccoli Medium",
          "brand": "Coles",
          "description": "BROCCOLI:MEDIUM:.:PER KG",
          "size": "approx. 340g",
          "price": 2.72,
          "was_price": null,
          "on_sale": false,
          "savings": 0,
          "discount_percentage": 0,
          "unit_price": 8,
          "comparable": "$8.00/ 1kg",
          "image_url": "https://productimages.coles.com.au/productimages/4/407755.jpg",
          "url": "https://www.coles.com.au/product/407755",
          "availability": true,
          "category": "Food",
          "supermarket": "coles"
        },
        {
          "product_id": 9006560,
          "name": "Carrots",
          "brand": "Coles",
          "description": "CARROTS:PREPACK:.:1 KG",
          "size": "1Kg",
          "price": 1.7,
          "was_price": null,
          "on_sale": false,
          "savings": 0,
          "discount_percentage": 0,
          "unit_price": 1.7,
          "comparable": "$1.70/ 1kg",
          "image_url": "https://productimages.coles.com.au/productimages/9/9006560.jpg",
          "url": "https://www.coles.com.au/product/9006560",
          "availability": true,
          "category": "Food",
          "supermarket": "coles"
        },
        {
          "product_id": 4910506,
          "name": "Green Zucchini",
          "brand": "Coles",
          "description": "ZUCCHINI:GREEN:.:PER KG",
          "size": "approx. 200g",
          "price": 1.18,
          "was_price": null,
          "on_sale": false,
          "savings": 0,
          "discount_percentage": 0,
          "unit_price": 5.9,
          "comparable": "$5.90/ 1kg",
          "image_url": "https://productimages.coles.com.au/productimages/4/4910506.jpg",
          "url": "https://www.coles.com.au/product/4910506",
          "availability": true,
          "category": "Food",
          "supermarket": "coles"
        },
        {
          "product_id": 4597109,
          "name": "Tomatoes Gourmet",
          "brand": "Coles",
          "description": "TOMATOES:GOURMET:.:PER KG",
          "size": "approx. 130g",
          "price": 0.77,
          "was_price": null,
          "on_sale": false,
          "savings": 0,
          "discount_percentage": 0,
          "unit_price": 5.9,
          "comparable": "$5.90/ 1kg",
          "image_url": "https://productimages.coles.com.au/productimages/4/4597109.jpg",
          "url": "https://www.coles.com.au/product/4597109",
          "availability": true,
          "category": "Food",
          "supermarket": "coles"
        },
        {
          "product_id": 4580208,
          "name": "Red Capsicum Loose",
          "brand": "Coles",
          "description": "CAPSICUM RED:LOOSE:.:PER KG",
          "size": "approx. 220g",
          "price": 2.18,
          "was_price": null,
          "on_sale": false,
          "savings": 0,
          "discount_percentage": 0,
          "unit_price": 9.9,
          "comparable": "$9.90/ 1kg",
          "image_url": "https://productimages.coles.com.au/productimages/4/4580208.jpg",
          "url": "https://www.coles.com.au/product/4580208",
          "availability": true,
          "category": "Food",
          "supermarket": "coles"
        },
        {
          "product_id": 4575605,
          "name": "Cucumbers Continental Loose",
          "brand": "Coles",
          "description": "COLES CUCUMBERS CONTINENTAL:LOOSE:.:1 EACH",
          "size": "1 Each",
          "price": 2.5,
          "was_price": null,
          "on_sale": false,
          "savings": 0,
          "discount_percentage": 0,
          "unit_price": 2.5,
          "comparable": "$2.50/ 1ea",
          "image_url": "https://productimages.coles.com.au/productimages/4/4575605.jpg",
          "url": "https://www.coles.com.au/product/4575605",
          "availability": true,
          "category": "Food",
          "supermarket": "coles"
        },
        {
          "product_id": 4584071,
          "name": "Iceberg Lettuce",
          "brand": "Coles",
          "description": "LETTUCE ICEBERG::.:1 EACH",
          "size": "1 Each",
          "price": 3.5,
          "was_price": null,
          "on_sale": false,
          "savings": 0,
          "discount_percentage": 0,
          "unit_price": 3.5,
          "comparable": "$3.50/ 1ea",
          "image_url": "https://productimages.coles.com.au/productimages/4/4584071.jpg",
          "url": "https://www.coles.com.au/product/4584071",
          "availability": true,
          "category": "Food",
          "supermarket": "coles"
        },
        {
          "product_id": 4628676,
          "name": "Tomatoes Greenhouse Truss",
          "brand": "Coles",
          "description": "TOMATOES GREENHOUSE:TRUSS:.:PER KG",
          "size": "approx. 130g",
          "price": 0.46,
          "was_price": null,
          "on_sale": false,
          "savings": 0,
          "discount_percentage": 0,
          "unit_price": 3.5,
          "comparable": "$3.50/ 1kg",
          "image_url": "https://productimages.coles.com.au/productimages/4/4628676.jpg",
          "url": "https://www.coles.com.au/product/4628676",
          "availability": true,
          "category": "Food",
          "supermarket": "coles"
        },
        {
          "product_id": 4199503,
          "name": "Potatoes Sweet Gold",
          "brand": "Coles",
          "description": "POTATOES SWEET GOLD:.:PER KG",
          "size": "approx. 500g",
          "price": 2,
          "was_price": null,
          "on_sale": false,
          "savings": 0,
          "discount_percentage": 0,
          "unit_price": 4,
          "comparable": "$4.00/ 1kg",
          "image_url": "https://productimages.coles.com.au/productimages/4/4199503.jpg",
          "url": "https://www.coles.com.au/product/4199503",
          "availability": true,
          "category": "Food",
          "supermarket": "coles"
        },
        {
          "product_id": 4575208,
          "name": "Lebanese Cucumbers",
          "brand": "Coles",
          "description": "CUCUMBERS LEBANESE:LOOSE:.:PER KG",
          "size": "approx. 160g",
          "price": 0.62,
          "was_price": null,
          "on_sale": false,
          "savings": 0,
          "discount_percentage": 0,
          "unit_price": 3.9,
          "comparable": "$3.90/ 1kg",
          "image_url": "https://productimages.coles.com.au/productimages/4/4575208.jpg",
          "url": "https://www.coles.com.au/product/4575208",
          "availability": true,
          "category": "Food",
          "supermarket": "coles"
        },
        {
          "product_id": 4601603,
          "name": "Cauliflower Medium",
          "brand": "Coles",
          "description": "CAULIFLOWER:MEDIUM:.:1 EACH",
          "size": "1 Each",
          "price": 5.9,
          "was_price": null,
          "on_sale": false,
          "savings": 0,
          "discount_percentage": 0,
          "unit_price": 5.9,
          "comparable": "$5.90/ 1ea",
          "image_url": "https://productimages.coles.com.au/productimages/4/4601603.jpg",
          "url": "https://www.coles.com.au/product/4601603",
          "availability": true,
          "category": "Food",
          "supermarket": "coles"
        },
        {
          "product_id": 4594010,
          "name": "Fresh Loose Cup Mushrooms",
          "brand": "Coles",
          "description": "MUSHROOMS:CUP:.:PER KG",
          "size": "approx. 200g",
          "price": 2.5,
          "was_price": null,
          "on_sale": false,
          "savings": 0,
          "discount_percentage": 0,
          "unit_price": 12.5,
          "comparable": "$12.50/ 1kg",
          "image_url": "https://productimages.coles.com.au/productimages/4/4594010.jpg",
          "url": "https://www.coles.com.au/product/4594010",
          "availability": true,
          "category": "Food",
          "supermarket": "coles"
        },
        {
          "product_id": 4834736,
          "name": "Cherry Tomatoes",
          "brand": "Coles",
          "description": "TOMATOES CHERRY:PREPACK:.:250 GRAM",
          "size": "250g",
          "price": 3,
          "was_price": null,
          "on_sale": false,
          "savings": 0,
          "discount_percentage": 0,
          "unit_price": 12,
          "comparable": "$12.00/ 1kg",
          "image_url": "https://productimages.coles.com.au/productimages/4/4834736.jpg",
          "url": "https://www.coles.com.au/product/4834736",
          "availability": true,
          "category": "Food",
          "supermarket": "coles"
        },
        {
          "product_id": 4803991,
          "name": "Brown Onions",
          "brand": "Coles",
          "description": "COLES ONIONS:BROWN:.:1 KG",
          "size": "1kg",
          "price": 2.9,
          "was_price": null,
          "on_sale": false,
          "savings": 0,
          "discount_percentage": 0,
          "unit_price": 2.9,
          "comparable": "$2.90/ 1kg",
          "image_url": "https://productimages.coles.com.au/productimages/4/4803991.jpg",
          "url": "https://www.coles.com.au/product/4803991",
          "availability": true,
          "category": "Food",
          "supermarket": "coles"
        },
        {
          "product_id": 4202540,
          "name": "Kent Pumpkin Cut",
          "brand": "Coles",
          "description": "PUMPKIN WRAP:KENT:.:PER KG",
          "size": "approx. 800g",
          "price": 2.8,
          "was_price": null,
          "on_sale": false,
          "savings": 0,
          "discount_percentage": 0,
          "unit_price": 3.5,
          "comparable": "$3.50/ 1kg",
          "image_url": "https://productimages.coles.com.au/productimages/4/4202540.jpg",
          "url": "https://www.coles.com.au/product/4202540",
          "availability": true,
          "category": "Food",
          "supermarket": "coles"
        },
        {
          "product_id": 4218459,
          "name": "Onions Red Local",
          "brand": "Coles",
          "description": "ONIONS:RED:LOCAL:.:PER KG",
          "size": "approx. 200g",
          "price": 1.1,
          "was_price": null,
          "on_sale": false,
          "savings": 0,
          "discount_percentage": 0,
          "unit_price": 5.5,
          "comparable": "$5.50/ 1kg",
          "image_url": "https://productimages.coles.com.au/productimages/4/4218459.jpg",
          "url": "https://www.coles.com.au/product/4218459",
          "availability": true,
          "category": "Food",
          "supermarket": "coles"
        },
        {
          "product_id": 408419,
          "name": "Spring Onions",
          "brand": "Coles",
          "description": " ONIONS:SPRING:.:1 BUNCH",
          "size": "1 Bunch",
          "price": 2.9,
          "was_price": null,
          "on_sale": false,
          "savings": 0,
          "discount_percentage": 0,
          "unit_price": 2.9,
          "comparable": "$2.90/ 1ea",
          "image_url": "https://productimages.coles.com.au/productimages/4/408419.jpg",
          "url": "https://www.coles.com.au/product/408419",
          "availability": true,
          "category": "Food",
          "supermarket": "coles"
        },
        {
          "product_id": 4562603,
          "name": "Sweet Corn",
          "brand": "Coles",
          "description": "CORN SWEET:LOOSE:.:1 EACH",
          "size": "1 Each",
          "price": 1,
          "was_price": null,
          "on_sale": false,
          "savings": 0,
          "discount_percentage": 0,
          "unit_price": 1,
          "comparable": "$1.00/ 1ea",
          "image_url": "https://productimages.coles.com.au/productimages/4/4562603.jpg",
          "url": "https://www.coles.com.au/product/4562603",
          "availability": true,
          "category": "Food",
          "supermarket": "coles"
        },
        {
          "product_id": 4838737,
          "name": "Green Asparagus",
          "brand": "Coles",
          "description": "ASPARAGUS:GREEN:.:1 BUNCH",
          "size": "1 each",
          "price": 4.5,
          "was_price": null,
          "on_sale": false,
          "savings": 0,
          "discount_percentage": 0,
          "unit_price": 4.5,
          "comparable": "$4.50/ 1ea",
          "image_url": "https://productimages.coles.com.au/productimages/4/4838737.jpg",
          "url": "https://www.coles.com.au/product/4838737",
          "availability": true,
          "category": "Food",
          "supermarket": "coles"
        },
        {
          "product_id": 7214862,
          "name": "Capsicum Green Loose",
          "brand": "Coles",
          "description": "CAPSICUM GREEN:LOOSE:.:PER KG",
          "size": "approx. 220g",
          "price": 2.18,
          "was_price": null,
          "on_sale": false,
          "savings": 0,
          "discount_percentage": 0,
          "unit_price": 9.9,
          "comparable": "$9.90/ 1kg",
          "image_url": "https://productimages.coles.com.au/productimages/7/7214862.jpg",
          "url": "https://www.coles.com.au/product/7214862",
          "availability": true,
          "category": "Food",
          "supermarket": "coles"
        },
        {
          "product_id": 407675,
          "name": "Green Beans Loose",
          "brand": "Coles",
          "description": "BEANS:GREEN:PER KG",
          "size": "approx. 200g",
          "price": 1.5,
          "was_price": null,
          "on_sale": false,
          "savings": 0,
          "discount_percentage": 0,
          "unit_price": 7.5,
          "comparable": "$7.50/ 1kg",
          "image_url": "https://productimages.coles.com.au/productimages/4/407675.jpg",
          "url": "https://www.coles.com.au/product/407675",
          "availability": true,
          "category": "Food",
          "supermarket": "coles"
        },
        {
          "product_id": 5982477,
          "name": "Baby Broccoli",
          "brand": "Coles",
          "description": "BROCCOLI:BABY:.:1BUNCH",
          "size": "1 Bunch",
          "price": 3.3,
          "was_price": null,
          "on_sale": false,
          "savings": 0,
          "discount_percentage": 0,
          "unit_price": 3.3,
          "comparable": "$3.30/ 1ea",
          "image_url": "https://productimages.coles.com.au/productimages/5/5982477.jpg",
          "url": "https://www.coles.com.au/product/5982477",
          "availability": true,
          "category": "Food",
          "supermarket": "coles"
        },
        {
          "product_id": 4190600,
          "name": "Wrapped Butternut Pumpkin",
          "brand": "Coles",
          "description": "BUTTERNUT PUMPKIN WRAPPED:BUTTERNUT:.:PER KG",
          "size": "approx. 700g each",
          "price": 2.45,
          "was_price": null,
          "on_sale": false,
          "savings": 0,
          "discount_percentage": 0,
          "unit_price": 3.5,
          "comparable": "$3.50/ 1kg",
          "image_url": "https://productimages.coles.com.au/productimages/4/4190600.jpg",
          "url": "https://www.coles.com.au/product/4190600",
          "availability": true,
          "category": "Food",
          "supermarket": "coles"
        },
        {
          "product_id": 4239517,
          "name": "Loose Brown Onions",
          "brand": "Coles",
          "description": "LOOSE BROWN ONIONS:BROWN:.:PER KG",
          "size": "approx. 200g",
          "price": 0.78,
          "was_price": null,
          "on_sale": false,
          "savings": 0,
          "discount_percentage": 0,
          "unit_price": 3.9,
          "comparable": "$3.90/ 1kg",
          "image_url": "https://productimages.coles.com.au/productimages/4/4239517.jpg",
          "url": "https://www.coles.com.au/product/4239517",
          "availability": true,
          "category": "Food",
          "supermarket": "coles"
        },
        {
          "product_id": 7265535,
          "name": "Perino Red Grape Tomatoes",
          "brand": "Coles",
          "description": "TOMATOES GRAPE RED:PERINO:.:200 GRAM",
          "size": "200g",
          "price": 3.9,
          "was_price": null,
          "on_sale": false,
          "savings": 0,
          "discount_percentage": 0,
          "unit_price": 19.5,
          "comparable": "$19.50/ 1kg",
          "image_url": "https://productimages.coles.com.au/productimages/7/7265535.jpg",
          "url": "https://www.coles.com.au/product/7265535",
          "availability": true,
          "category": "Food",
          "supermarket": "coles"
        },
        {
          "product_id": 4578148,
          "name": "Baby Cucumbers",
          "brand": "Coles",
          "description": "QUKES:BABY:.:250 GRAM",
          "size": "250g",
          "price": 3,
          "was_price": null,
          "on_sale": false,
          "savings": 0,
          "discount_percentage": 0,
          "unit_price": 12,
          "comparable": "$12.00/ 1kg",
          "image_url": "https://productimages.coles.com.au/productimages/4/4578148.jpg",
          "url": "https://www.coles.com.au/product/4578148",
          "availability": true,
          "category": "Food",
          "supermarket": "coles"
        },
        {
          "product_id": 4646485,
          "name": "Lettuce Cos Baby Hearts",
          "brand": "Coles",
          "description": "COLES LETTUCE COS BABY:HEARTS:.:2 PACK",
          "size": "2 Pack",
          "price": 3.5,
          "was_price": null,
          "on_sale": false,
          "savings": 0,
          "discount_percentage": 0,
          "unit_price": 1.75,
          "comparable": "$1.75/ 1ea",
          "image_url": "https://productimages.coles.com.au/productimages/4/4646485.jpg",
          "url": "https://www.coles.com.au/product/4646485",
          "availability": true,
          "category": "Food",
          "supermarket": "coles"
        },
        {
          "product_id": 4223335,
          "name": "Carrots Loose",
          "brand": "Coles",
          "description": "CARROTS:LOOSE:.:PER KG",
          "size": "approx. 170g",
          "price": 0.44,
          "was_price": null,
          "on_sale": false,
          "savings": 0,
          "discount_percentage": 0,
          "unit_price": 2.6,
          "comparable": "$2.60/ 1kg",
          "image_url": "https://productimages.coles.com.au/productimages/4/4223335.jpg",
          "url": "https://www.coles.com.au/product/4223335",
          "availability": true,
          "category": "Food",
          "supermarket": "coles"
        },
        {
          "product_id": 1182162,
          "name": "Creme Gold Washed Potatoes Loose",
          "brand": "Coles",
          "description": "POTATOES WASHED:CREME GOLD:.:PER KG",
          "size": "approx. 150g",
          "price": 0.8,
          "was_price": null,
          "on_sale": false,
          "savings": 0,
          "discount_percentage": 0,
          "unit_price": 5.3,
          "comparable": "$5.30/ 1kg",
          "image_url": "https://productimages.coles.com.au/productimages/1/1182162.jpg",
          "url": "https://www.coles.com.au/product/1182162",
          "availability": true,
          "category": "Food",
          "supermarket": "coles"
        },
        {
          "product_id": 5548754,
          "name": "Italian Diced Tomatoes",
          "brand": "Coles",
          "description": "COLES ITALIAN DICED TOMATOES  400G",
          "size": "400g",
          "price": 1.1,
          "was_price": null,
          "on_sale": false,
          "savings": 0,
          "discount_percentage": 0,
          "unit_price": 2.75,
          "comparable": "$2.75/ 1kg",
          "image_url": "https://productimages.coles.com.au/productimages/5/5548754.jpg",
          "url": "https://www.coles.com.au/product/5548754",
          "availability": true,
          "category": "Food",
          "supermarket": "coles"
        },
        {
          "product_id": 6105715,
          "name": "Garlic Loose",
          "brand": "Coles",
          "description": "GARLIC AUSTRALIAN:LOOSE:.:PER KG",
          "size": "approx. 60g each",
          "price": 1.98,
          "was_price": null,
          "on_sale": false,
          "savings": 0,
          "discount_percentage": 0,
          "unit_price": 33,
          "comparable": "$33.01/ 1kg",
          "image_url": "https://productimages.coles.com.au/productimages/6/6105715.jpg",
          "url": "https://www.coles.com.au/product/6105715",
          "availability": true,
          "category": "Food",
          "supermarket": "coles"
        },
        {
          "product_id": 4498173,
          "name": "Glasshouse Grape Tomatoes",
          "brand": "Coles",
          "description": "TOMATOES GLASSHOUSE:GRAPE:.:200 GRAM",
          "size": "200g",
          "price": 3,
          "was_price": null,
          "on_sale": false,
          "savings": 0,
          "discount_percentage": 0,
          "unit_price": 15,
          "comparable": "$15.00/ 1kg",
          "image_url": "https://productimages.coles.com.au/productimages/4/4498173.jpg",
          "url": "https://www.coles.com.au/product/4498173",
          "availability": true,
          "category": "Food",
          "supermarket": "coles"
        },
        {
          "product_id": 5750960,
          "name": "Sliced Mushrooms",
          "brand": "Coles",
          "description": "COLES MUSHROOMS:SLICED:.:200 GRAM",
          "size": "200g",
          "price": 4,
          "was_price": null,
          "on_sale": false,
          "savings": 0,
          "discount_percentage": 0,
          "unit_price": 20,
          "comparable": "$20.00/ 1kg",
          "image_url": "https://productimages.coles.com.au/productimages/5/5750960.jpg",
          "url": "https://www.coles.com.au/product/5750960",
          "availability": true,
          "category": "Food",
          "supermarket": "coles"
        },
        {
          "product_id": 1022610,
          "name": "Potatoes Creme Royale Brushed",
          "brand": "Coles",
          "description": "POTATOES CREME ROYALE:BRUSHED:.:PER KG",
          "size": "approx. 200g",
          "price": 1.1,
          "was_price": null,
          "on_sale": false,
          "savings": 0,
          "discount_percentage": 0,
          "unit_price": 5.5,
          "comparable": "$5.50/ 1kg",
          "image_url": "https://productimages.coles.com.au/productimages/1/1022610.jpg",
          "url": "https://www.coles.com.au/product/1022610",
          "availability": true,
          "category": "Food",
          "supermarket": "coles"
        },
        {
          "product_id": 4236122,
          "name": "Baby Carrots",
          "brand": "Coles",
          "description": "COLES CARROTS:BABY:.:500 GRAM",
          "size": "500g",
          "price": 1.9,
          "was_price": null,
          "on_sale": false,
          "savings": 0,
          "discount_percentage": 0,
          "unit_price": 3.8,
          "comparable": "$3.80/ 1kg",
          "image_url": "https://productimages.coles.com.au/productimages/4/4236122.jpg",
          "url": "https://www.coles.com.au/product/4236122",
          "availability": true,
          "category": "Food",
          "supermarket": "coles"
        },
        {
          "product_id": 4845732,
          "name": "Celery Bunch",
          "brand": "Coles",
          "description": "COLES CELERY:BUNCH:.:1 EACH",
          "size": "1 Each",
          "price": 4,
          "was_price": null,
          "on_sale": false,
          "savings": 0,
          "discount_percentage": 0,
          "unit_price": 4,
          "comparable": "$4.00/ 1ea",
          "image_url": "https://productimages.coles.com.au/productimages/4/4845732.jpg",
          "url": "https://www.coles.com.au/product/4845732",
          "availability": true,
          "category": "Food",
          "supermarket": "coles"
        },
        {
          "product_id": 8467604,
          "name": "Red Onion 1 Kg",
          "brand": "Coles",
          "description": "COLES ONION:RED 1 KG",
          "size": "1kg",
          "price": 4.9,
          "was_price": null,
          "on_sale": false,
          "savings": 0,
          "discount_percentage": 0,
          "unit_price": 4.9,
          "comparable": "$4.90/ 1kg",
          "image_url": "https://productimages.coles.com.au/productimages/8/8467604.jpg",
          "url": "https://www.coles.com.au/product/8467604",
          "availability": true,
          "category": "Food",
          "supermarket": "coles"
        },
        {
          "product_id": 4575321,
          "name": "Sleeved Herbs Coriander",
          "brand": "Coles",
          "description": "SLEEVED HERBS:CORIANDER:.:1 BUNCH",
          "size": "1 Bunch",
          "price": 3.2,
          "was_price": null,
          "on_sale": false,
          "savings": 0,
          "discount_percentage": 0,
          "unit_price": 3.2,
          "comparable": "$3.20/ 1ea",
          "image_url": "https://productimages.coles.com.au/productimages/4/4575321.jpg",
          "url": "https://www.coles.com.au/product/4575321",
          "availability": true,
          "category": "Food",
          "supermarket": "coles"
        },
        {
          "product_id": 2470526,
          "name": "Shredded Iceberg Lettuce",
          "brand": "Coles",
          "description": "COLES SHREDDED ICEBERG LETTUCE 200G",
          "size": "200g",
          "price": 2.2,
          "was_price": null,
          "on_sale": false,
          "savings": 0,
          "discount_percentage": 0,
          "unit_price": 11,
          "comparable": "$11.00/ 1kg",
          "image_url": "https://productimages.coles.com.au/productimages/2/2470526.jpg",
          "url": "https://www.coles.com.au/product/2470526",
          "availability": true,
          "category": "Food",
          "supermarket": "coles"
        },
        {
          "product_id": 3609392,
          "name": "I'm Perfect Carrots Prepacked",
          "brand": "Coles",
          "description": "I'MPERFECT PP CARROTS:.:1.5 KG",
          "size": "1.5kg",
          "price": 2,
          "was_price": null,
          "on_sale": false,
          "savings": 0,
          "discount_percentage": 0,
          "unit_price": 1.33,
          "comparable": "$1.33/ 1kg",
          "image_url": "https://productimages.coles.com.au/productimages/3/3609392.jpg",
          "url": "https://www.coles.com.au/product/3609392",
          "availability": true,
          "category": "Food",
          "supermarket": "coles"
        },
        {
          "product_id": 4829860,
          "name": "Mushrooms Cup",
          "brand": "Coles",
          "description": "COLES MUSHROOMS:CUP:.:200 GRAM",
          "size": "200g",
          "price": 4,
          "was_price": null,
          "on_sale": false,
          "savings": 0,
          "discount_percentage": 0,
          "unit_price": 20,
          "comparable": "$20.00/ 1kg",
          "image_url": "https://productimages.coles.com.au/productimages/4/4829860.jpg",
          "url": "https://www.coles.com.au/product/4829860",
          "availability": true,
          "category": "Food",
          "supermarket": "coles"
        },
        {
          "product_id": 4835171,
          "name": "Vine Ripened Tomatoes",
          "brand": "Coles",
          "description": "COLES TOMATOES VINE RIPENED:PREPACK:.:500 GRAM",
          "size": "500g",
          "price": 3.3,
          "was_price": null,
          "on_sale": false,
          "savings": 0,
          "discount_percentage": 0,
          "unit_price": 6.6,
          "comparable": "$6.60/ 1kg",
          "image_url": "https://productimages.coles.com.au/productimages/4/4835171.jpg",
          "url": "https://www.coles.com.au/product/4835171",
          "availability": true,
          "category": "Food",
          "supermarket": "coles"
        },
        {
          "product_id": 1206748,
          "name": "Potatoes Washed",
          "brand": "Coles",
          "description": "COLES POTATOES:WASHED:.:2 KG",
          "size": "2kg",
          "price": 6,
          "was_price": null,
          "on_sale": false,
          "savings": 0,
          "discount_percentage": 0,
          "unit_price": 3,
          "comparable": "$3.00/ 1kg",
          "image_url": "https://productimages.coles.com.au/productimages/1/1206748.jpg",
          "url": "https://www.coles.com.au/product/1206748",
          "availability": true,
          "category": "Food",
          "supermarket": "coles"
        },
        {
          "product_id": 3395313,
          "name": "Half Cauliflower Precut",
          "brand": "Coles",
          "description": "CAULIFLOWER:PRECUT HALF:.:1 EACH",
          "size": "1 each",
          "price": 3.5,
          "was_price": null,
          "on_sale": false,
          "savings": 0,
          "discount_percentage": 0,
          "unit_price": 3.5,
          "comparable": "$3.50/ 1ea",
          "image_url": "https://productimages.coles.com.au/productimages/3/3395313.jpg",
          "url": "https://www.coles.com.au/product/3395313",
          "availability": true,
          "category": "Food",
          "supermarket": "coles"
        },
        {
          "product_id": 1181308,
          "name": "Red Royale Potatoes Loose",
          "brand": "Coles",
          "description": "POTATOES WASHED:RED ROYALE:.:PER KG",
          "size": "approx. 170g",
          "price": 0.9,
          "was_price": null,
          "on_sale": false,
          "savings": 0,
          "discount_percentage": 0,
          "unit_price": 5.3,
          "comparable": "$5.30/ 1kg",
          "image_url": "https://productimages.coles.com.au/productimages/1/1181308.jpg",
          "url": "https://www.coles.com.au/product/1181308",
          "availability": true,
          "category": "Food",
          "supermarket": "coles"
        },
        {
          "product_id": 4567039,
          "name": "Asian Choy Pak",
          "brand": "Coles",
          "description": "ASIAN CHOY:PAK:.:1 BUNCH",
          "size": "1 each",
          "price": 2.9,
          "was_price": null,
          "on_sale": false,
          "savings": 0,
          "discount_percentage": 0,
          "unit_price": 2.9,
          "comparable": "$2.90/ 1ea",
          "image_url": "https://productimages.coles.com.au/productimages/4/4567039.jpg",
          "url": "https://www.coles.com.au/product/4567039",
          "availability": true,
          "category": "Food",
          "supermarket": "coles"
        },
        {
          "product_id": 5034484,
          "name": "Ginger Loose",
          "brand": "Coles",
          "description": "GINGER:LOOSE:.:PER KG",
          "size": "approx. 130g",
          "price": 5.07,
          "was_price": null,
          "on_sale": false,
          "savings": 0,
          "discount_percentage": 0,
          "unit_price": 39,
          "comparable": "$39.00/ 1kg",
          "image_url": "https://productimages.coles.com.au/productimages/5/5034484.jpg",
          "url": "https://www.coles.com.au/product/5034484",
          "availability": true,
          "category": "Food",
          "supermarket": "coles"
        },
        {
          "product_id": 4829204,
          "name": "Green Beans Prepacked",
          "brand": "Coles",
          "description": "COLES BEANS:PREPACK:.:375 GRAM",
          "size": "375g",
          "price": 3.9,
          "was_price": null,
          "on_sale": false,
          "savings": 0,
          "discount_percentage": 0,
          "unit_price": 10.4,
          "comparable": "$10.40/ 1kg",
          "image_url": "https://productimages.coles.com.au/productimages/4/4829204.jpg",
          "url": "https://www.coles.com.au/product/4829204",
          "availability": true,
          "category": "Food",
          "supermarket": "coles"
        }
      ]
    },
    "aldi": {
      "count": 30,
      "products": [
        {
          "name": "Gold Sweet Potatoes Loose",
          "url": "https://www.aldi.com.au/product/no-brand-gold-sweet-potatoes-loose-000000000000380080",
          "product_id": "no-brand-gold-sweet-potatoes-loose-000000000000380080",
          "image_url": "https://dm.apac.cms.aldi.cx/is/image/aldiprodapac/product/jpg/scaleWidth/232/e7ec530d-174b-43fa-bccf-f1fe49725165/Gold%20Sweet%20Potatoes%20Loose",
          "price_text": "($3.99 per 1 kg)",
          "price": 3.99,
          "unit": "kg",
          "brand": "No Brand",
          "supermarket": "ALDI",
          "tile_type": "new"
        },
        {
          "name": "Gourmet Tomatoes 500g",
          "url": "https://www.aldi.com.au/product/no-brand-gourmet-tomatoes-500g-000000000000380083",
          "product_id": "no-brand-gourmet-tomatoes-500g-000000000000380083",
          "image_url": "https://dm.apac.cms.aldi.cx/is/image/aldiprodapac/product/jpg/scaleWidth/232/51f42fc0-5943-4b40-a3e0-9a439cc10a29/Gourmet%20Tomatoes%20500g",
          "price_text": "($8.98 per 1 kg)",
          "price": 8.98,
          "unit": "kg",
          "brand": "No Brand",
          "supermarket": "ALDI",
          "tile_type": "new"
        },
        {
          "name": "Gourmet Tomatoes Loose",
          "url": "https://www.aldi.com.au/product/no-brand-gourmet-tomatoes-loose-000000000000380084",
          "product_id": "no-brand-gourmet-tomatoes-loose-000000000000380084",
          "image_url": "https://dm.apac.cms.aldi.cx/is/image/aldiprodapac/product/jpg/scaleWidth/232/8aaeeb80-2fa8-4d68-9117-ae6bfcd16d07/Gourmet%20Tomatoes%20Loose",
          "price_text": "($5.99 per 1 kg)",
          "price": 5.99,
          "unit": "kg",
          "brand": "No Brand",
          "supermarket": "ALDI",
          "tile_type": "new"
        },
        {
          "name": "Green Capsicum Loose",
          "url": "https://www.aldi.com.au/product/no-brand-green-capsicum-loose-000000000000380088",
          "product_id": "no-brand-green-capsicum-loose-000000000000380088",
          "image_url": "https://dm.apac.cms.aldi.cx/is/image/aldiprodapac/product/jpg/scaleWidth/232/f227984e-937f-4777-b987-58abb1c1e1be/Green%20Capsicum%20Loose",
          "price_text": "($7.99 per 1 kg)",
          "price": 7.99,
          "unit": "kg",
          "brand": "No Brand",
          "supermarket": "ALDI",
          "tile_type": "new"
        },
        {
          "name": "Iceberg Bagged Lettuce Each",
          "url": "https://www.aldi.com.au/product/no-brand-iceberg-bagged-lettuce-each-000000000000380100",
          "product_id": "no-brand-iceberg-bagged-lettuce-each-000000000000380100",
          "image_url": "https://dm.apac.cms.aldi.cx/is/image/aldiprodapac/product/jpg/scaleWidth/232/d78f0be4-3379-4ba6-a36e-87801320d37b/Iceberg%20Bagged%20Lettuce%20Each",
          "price_text": "($2.99 per 1 each)",
          "price": 2.99,
          "unit": "each",
          "brand": "No Brand",
          "supermarket": "ALDI",
          "tile_type": "new"
        },
        {
          "name": "Jalapeno Chillies 80g",
          "url": "https://www.aldi.com.au/product/the-herb-garden-jalapeno-chillies-80g-000000000000380106",
          "product_id": "the-herb-garden-jalapeno-chillies-80g-000000000000380106",
          "image_url": "https://dm.apac.cms.aldi.cx/is/image/aldiprodapac/product/jpg/scaleWidth/232/1c2a443c-b924-44e6-97ed-263402043be7/Jalapeno%20Chillies%2080g",
          "price_text": "($0.44 per 10 g)",
          "price": 0.44,
          "unit": "g",
          "base_price": 0.044,
          "brand": "No Brand",
          "supermarket": "ALDI",
          "tile_type": "new"
        },
        {
          "name": "Kale Bunch",
          "url": "https://www.aldi.com.au/product/no-brand-kale-bunch-000000000000380109",
          "product_id": "no-brand-kale-bunch-000000000000380109",
          "image_url": "https://dm.apac.cms.aldi.cx/is/image/aldiprodapac/product/jpg/scaleWidth/232/cf588a51-a8b3-430f-825f-ca74ce2aa473/Kale%20Bunch",
          "price_text": "($3.49 per 1 each)",
          "price": 3.49,
          "unit": "each",
          "brand": "No Brand",
          "supermarket": "ALDI",
          "tile_type": "new"
        },
        {
          "name": "Kent Pumpkins Loose",
          "url": "https://www.aldi.com.au/product/no-brand-kent-pumpkins-loose-000000000000380119",
          "product_id": "no-brand-kent-pumpkins-loose-000000000000380119",
          "image_url": "https://dm.apac.cms.aldi.cx/is/image/aldiprodapac/product/jpg/scaleWidth/232/856e59e5-0998-4726-8c8a-63c4b2c117a8/Kent%20Pumpkins%20Loose",
          "price_text": "($2.49 per 1 kg)",
          "price": 2.49,
          "unit": "kg",
          "brand": "No Brand",
          "supermarket": "ALDI",
          "tile_type": "new"
        },
        {
          "name": "Lebanese Cucumbers 600g",
          "url": "https://www.aldi.com.au/product/no-brand-lebanese-cucumbers-600g-000000000000380125",
          "product_id": "no-brand-lebanese-cucumbers-600g-000000000000380125",
          "image_url": "https://dm.apac.cms.aldi.cx/is/image/aldiprodapac/product/jpg/scaleWidth/232/7b0f13d7-b914-4eb6-a017-d61e4a7191ff/Lebanese%20Cucumbers%20600g",
          "price_text": "($6.65 per 1 kg)",
          "price": 6.65,
          "unit": "kg",
          "brand": "No Brand",
          "supermarket": "ALDI",
          "tile_type": "new"
        },
        {
          "name": "Lebanese Cucumbers Loose",
          "url": "https://www.aldi.com.au/product/no-brand-lebanese-cucumbers-loose-000000000000380126",
          "product_id": "no-brand-lebanese-cucumbers-loose-000000000000380126",
          "image_url": "https://dm.apac.cms.aldi.cx/is/image/aldiprodapac/product/jpg/scaleWidth/232/13fab124-3e38-48df-9a70-70aae62dab99/Lebanese%20Cucumbers%20Loose",
          "price_text": "($5.99 per 1 kg)",
          "price": 5.99,
          "unit": "kg",
          "brand": "No Brand",
          "supermarket": "ALDI",
          "tile_type": "new"
        },
        {
          "name": "Leek Each",
          "url": "https://www.aldi.com.au/product/no-brand-leek-each-000000000000380127",
          "product_id": "no-brand-leek-each-000000000000380127",
          "image_url": "https://dm.apac.cms.aldi.cx/is/image/aldiprodapac/product/jpg/scaleWidth/232/81530595-c151-427f-9796-2f3026bdc1b0/Leek%20Each",
          "price_text": "($2.49 per 1 each)",
          "price": 2.49,
          "unit": "each",
          "brand": "No Brand",
          "supermarket": "ALDI",
          "tile_type": "new"
        },
        {
          "name": "Mini Capsicums 175g",
          "url": "https://www.aldi.com.au/product/no-brand-mini-capsicums-175g-000000000000380146",
          "product_id": "no-brand-mini-capsicums-175g-000000000000380146",
          "image_url": "https://dm.apac.cms.aldi.cx/is/image/aldiprodapac/product/jpg/scaleWidth/232/049c0b0c-654d-46e9-adc7-eb5cf80a3a53/Mini%20Capsicums%20175g",
          "price_text": "($28.51 per 1 kg)",
          "price": 28.51,
          "unit": "kg",
          "brand": "No Brand",
          "supermarket": "ALDI",
          "tile_type": "new"
        },
        {
          "name": "Mini Roma Tomatoes 250g",
          "url": "https://www.aldi.com.au/product/no-brand-mini-roma-tomatoes-250g-000000000000380148",
          "product_id": "no-brand-mini-roma-tomatoes-250g-000000000000380148",
          "image_url": "https://dm.apac.cms.aldi.cx/is/image/aldiprodapac/product/jpg/scaleWidth/232/af5d9aeb-06f4-4dbd-8ee8-b1f10bed7d25/Mini%20Roma%20Tomatoes%20250g",
          "price_text": "($10.76 per 1 kg)",
          "price": 10.76,
          "unit": "kg",
          "brand": "No Brand",
          "supermarket": "ALDI",
          "tile_type": "new"
        },
        {
          "name": "Pak Choy Each",
          "url": "https://www.aldi.com.au/product/no-brand-pak-choy-each-000000000000380163",
          "product_id": "no-brand-pak-choy-each-000000000000380163",
          "image_url": "https://dm.apac.cms.aldi.cx/is/image/aldiprodapac/product/jpg/scaleWidth/232/d87ceeb6-4845-4ea5-a4ea-b96f4709cb37/Pak%20Choy%20Each",
          "price_text": "($2.49 per 1 each)",
          "price": 2.49,
          "unit": "each",
          "brand": "No Brand",
          "supermarket": "ALDI",
          "tile_type": "new"
        },
        {
          "name": "Asparagus Bunch",
          "url": "https://www.aldi.com.au/product/no-brand-asparagus-bunch-000000000000380175",
          "product_id": "no-brand-asparagus-bunch-000000000000380175",
          "image_url": "https://dm.apac.cms.aldi.cx/is/image/aldiprodapac/product/jpg/scaleWidth/232/b86f1747-b4eb-4382-b774-022a2f062da7/Asparagus%20Bunch",
          "price_text": "($3.29 per 1 each)",
          "price": 3.29,
          "unit": "each",
          "brand": "No Brand",
          "supermarket": "ALDI",
          "tile_type": "new"
        },
        {
          "name": "Baby Carrots 500g",
          "url": "https://www.aldi.com.au/product/no-brand-baby-carrots-500g-000000000000380179",
          "product_id": "no-brand-baby-carrots-500g-000000000000380179",
          "image_url": "https://dm.apac.cms.aldi.cx/is/image/aldiprodapac/product/jpg/scaleWidth/232/3a65be43-c903-44e3-b1a0-c3a1cee99c4e/Baby%20Carrots%20500g",
          "price_text": "($2.98 per 1 kg)",
          "price": 2.98,
          "unit": "kg",
          "brand": "No Brand",
          "supermarket": "ALDI",
          "tile_type": "new"
        },
        {
          "name": "Baby Cos Lettuce 2 Pack",
          "url": "https://www.aldi.com.au/product/no-brand-baby-cos-lettuce-2-pack-000000000000380180",
          "product_id": "no-brand-baby-cos-lettuce-2-pack-000000000000380180",
          "image_url": "https://dm.apac.cms.aldi.cx/is/image/aldiprodapac/product/jpg/scaleWidth/232/4b03604a-6027-4ab1-9c67-a9f2f858c9f7/Baby%20Cos%20Lettuce%202%20Pack",
          "price_text": "($1.50 per 1 each)",
          "price": 1.5,
          "unit": "each",
          "brand": "No Brand",
          "supermarket": "ALDI",
          "tile_type": "new"
        },
        {
          "name": "Baby Gem Lettuce 3 Pack",
          "url": "https://www.aldi.com.au/product/no-brand-baby-gem-lettuce-3-pack-000000000000380181",
          "product_id": "no-brand-baby-gem-lettuce-3-pack-000000000000380181",
          "image_url": "https://dm.apac.cms.aldi.cx/is/image/aldiprodapac/product/jpg/scaleWidth/232/9f8cd18a-3d35-424c-8947-c12c9a886403/Baby%20Gem%20Lettuce%203%20Pack",
          "price_text": "($1.33 per 1 each)",
          "price": 1.33,
          "unit": "each",
          "brand": "No Brand",
          "supermarket": "ALDI",
          "tile_type": "new"
        },
        {
          "name": "Baby Red Potatoes 1kg",
          "url": "https://www.aldi.com.au/product/no-brand-baby-red-potatoes-1kg-000000000000380185",
          "product_id": "no-brand-baby-red-potatoes-1kg-000000000000380185",
          "image_url": "https://dm.apac.cms.aldi.cx/is/image/aldiprodapac/product/jpg/scaleWidth/232/6613d8ec-aa10-4455-8325-9a6105b3fa18/Baby%20Red%20Potatoes%201kg",
          "price_text": "($3.99 per 1 kg)",
          "price": 3.99,
          "unit": "kg",
          "brand": "No Brand",
          "supermarket": "ALDI",
          "tile_type": "new"
        },
        {
          "name": "Baby White Potatoes 1kg",
          "url": "https://www.aldi.com.au/product/no-brand-baby-white-potatoes-1kg-000000000000380189",
          "product_id": "no-brand-baby-white-potatoes-1kg-000000000000380189",
          "image_url": "https://dm.apac.cms.aldi.cx/is/image/aldiprodapac/product/jpg/scaleWidth/232/003665ea-44f9-4fe8-a109-bcffd42423a6/Baby%20White%20Potatoes%201kg",
          "price_text": "($3.99 per 1 kg)",
          "price": 3.99,
          "unit": "kg",
          "brand": "No Brand",
          "supermarket": "ALDI",
          "tile_type": "new"
        },
        {
          "name": "White Flat Mushrooms 375g",
          "url": "https://www.aldi.com.au/product/no-brand-white-flat-mushrooms-375g-000000000000380193",
          "product_id": "no-brand-white-flat-mushrooms-375g-000000000000380193",
          "image_url": "https://dm.apac.cms.aldi.cx/is/image/aldiprodapac/product/jpg/scaleWidth/232/143688d1-077d-4682-a4f8-5cd7a8e42c97/White%20Flat%20Mushrooms%20375g",
          "price_text": "($15.97 per 1 kg)",
          "price": 15.97,
          "unit": "kg",
          "brand": "No Brand",
          "supermarket": "ALDI",
          "tile_type": "new"
        },
        {
          "name": "Bellino Tomatoes 200g",
          "url": "https://www.aldi.com.au/product/no-brand-bellino-tomatoes-200g-000000000000380196",
          "product_id": "no-brand-bellino-tomatoes-200g-000000000000380196",
          "image_url": "https://dm.apac.cms.aldi.cx/is/image/aldiprodapac/product/jpg/scaleWidth/232/18dead3e-3fe2-4c2c-838f-ae9c6a09fd6c/Bellino%20Tomatoes%20200g",
          "price_text": "($12.45 per 1 kg)",
          "price": 12.45,
          "unit": "kg",
          "brand": "No Brand",
          "supermarket": "ALDI",
          "tile_type": "new"
        },
        {
          "name": "Birdseye Chillies 20g",
          "url": "https://www.aldi.com.au/product/the-herb-garden-birdseye-chillies-20g-000000000000380198",
          "product_id": "the-herb-garden-birdseye-chillies-20g-000000000000380198",
          "image_url": "https://dm.apac.cms.aldi.cx/is/image/aldiprodapac/product/jpg/scaleWidth/232/f6541d24-b458-4be4-a904-8ec8c63d7958/Birdseye%20Chillies%2020g",
          "price_text": "($1.75 per 10 g)",
          "price": 1.75,
          "unit": "g",
          "base_price": 0.175,
          "brand": "No Brand",
          "supermarket": "ALDI",
          "tile_type": "new"
        },
        {
          "name": "Broccoli Loose",
          "url": "https://www.aldi.com.au/product/no-brand-broccoli-loose-000000000000380208",
          "product_id": "no-brand-broccoli-loose-000000000000380208",
          "image_url": "https://dm.apac.cms.aldi.cx/is/image/aldiprodapac/product/jpg/scaleWidth/232/7a2e2a41-fb6a-44ca-b368-f09044ad5b5b/Broccoli%20Loose",
          "price_text": "($7.49 per 1 kg)",
          "price": 7.49,
          "unit": "kg",
          "brand": "No Brand",
          "supermarket": "ALDI",
          "tile_type": "new"
        },
        {
          "name": "Brown Onions 1kg",
          "url": "https://www.aldi.com.au/product/no-brand-brown-onions-1kg-000000000000380210",
          "product_id": "no-brand-brown-onions-1kg-000000000000380210",
          "image_url": "https://dm.apac.cms.aldi.cx/is/image/aldiprodapac/product/jpg/scaleWidth/232/ea66630b-19fa-4981-9a09-186f962ac38d/Brown%20Onions%201kg",
          "price_text": "($2.79 per 1 kg)",
          "price": 2.79,
          "unit": "kg",
          "brand": "No Brand",
          "supermarket": "ALDI",
          "tile_type": "new"
        },
        {
          "name": "Brown Onions Loose",
          "url": "https://www.aldi.com.au/product/no-brand-brown-onions-loose-000000000000380212",
          "product_id": "no-brand-brown-onions-loose-000000000000380212",
          "image_url": "https://dm.apac.cms.aldi.cx/is/image/aldiprodapac/product/jpg/scaleWidth/232/5aa85ab0-4992-4345-9b23-741977ff001b/Brown%20Onions%20Loose",
          "price_text": "($3.49 per 1 kg)",
          "price": 3.49,
          "unit": "kg",
          "brand": "No Brand",
          "supermarket": "ALDI",
          "tile_type": "new"
        },
        {
          "name": "Brushed Potatoes 3kg",
          "url": "https://www.aldi.com.au/product/no-brand-brushed-potatoes-3kg-000000000000380213",
          "product_id": "no-brand-brushed-potatoes-3kg-000000000000380213",
          "image_url": "https://dm.apac.cms.aldi.cx/is/image/aldiprodapac/product/jpg/scaleWidth/232/27d2c41b-0483-4789-807c-a83bf560cdc6/Brushed%20Potatoes%203kg",
          "price_text": "($2.00 per 1 kg)",
          "price": 2.0,
          "unit": "kg",
          "brand": "No Brand",
          "supermarket": "ALDI",
          "tile_type": "new"
        },
        {
          "name": "Brushed Potatoes Loose",
          "url": "https://www.aldi.com.au/product/no-brand-brushed-potatoes-loose-000000000000380214",
          "product_id": "no-brand-brushed-potatoes-loose-000000000000380214",
          "image_url": "https://dm.apac.cms.aldi.cx/is/image/aldiprodapac/product/jpg/scaleWidth/232/3f45df1c-cd74-435f-853a-459fd831edb6/Brushed%20Potatoes%20Loose",
          "price_text": "($4.99 per 1 kg)",
          "price": 4.99,
          "unit": "kg",
          "brand": "No Brand",
          "supermarket": "ALDI",
          "tile_type": "new"
        },
        {
          "name": "Brussels Sprouts 500g",
          "url": "https://www.aldi.com.au/product/no-brand-brussels-sprouts-500g-000000000000380216",
          "product_id": "no-brand-brussels-sprouts-500g-000000000000380216",
          "image_url": "https://dm.apac.cms.aldi.cx/is/image/aldiprodapac/product/jpg/scaleWidth/232/ef15265b-fa92-4d78-95d4-438d2c287108/Brussels%20Sprouts%20500g",
          "price_text": "($13.98 per 1 kg)",
          "price": 13.98,
          "unit": "kg",
          "brand": "No Brand",
          "supermarket": "ALDI",
          "tile_type": "new"
        },
        {
          "name": "Whole Butternut Pumpkins Loose",
          "url": "https://www.aldi.com.au/product/no-brand-whole-butternut-pumpkins-loose-000000000000380219",
          "product_id": "no-brand-whole-butternut-pumpkins-loose-000000000000380219",
          "image_url": "https://dm.apac.cms.aldi.cx/is/image/aldiprodapac/product/jpg/scaleWidth/232/375ee2c1-ac86-4cbc-a5be-44620368448c/Whole%20Butternut%20Pumpkins%20Loose",
          "price_text": "($2.49 per 1 kg)",
          "price": 2.49,
          "unit": "kg",
          "brand": "No Brand",
          "supermarket": "ALDI",
          "tile_type": "new"
        }
      ]
    }
  },
  "total_products": 98
}