[
  {
    "product_id": 9006560,
    "name": "Carrots",
    "brand": "Coles",
    "description": "CARROTS:PREPACK:.:1 KG",
    "size": "1Kg",
    "price": 1.7,
    "was_price": null,
    "on_sale": false,
    "savings": 0,
    "discount_percentage": 0,
    "unit_price": 1.7,
    "comparable": "$1.70/ 1kg",
    "image_url": "https://productimages.coles.com.au/productimages/9/9006560.jpg",
    "url": "https://www.coles.com.au/product/9006560",
    "availability": true,
    "category": "Food",
    "supermarket": "coles"
  },
  {
    "product_id": 4223335,
    "name": "Carrots Loose",
    "brand": "Coles",
    "description": "CARROTS:LOOSE:.:PER KG",
    "size": "approx. 170g",
    "price": 0.44,
    "was_price": null,
    "on_sale": false,
    "savings": 0,
    "discount_percentage": 0,
    "unit_price": 2.6,
    "comparable": "$2.60/ 1kg",
    "image_url": "https://productimages.coles.com.au/productimages/4/4223335.jpg",
    "url": "https://www.coles.com.au/product/4223335",
    "availability": true,
    "category": "Food",
    "supermarket": "coles"
  },
  {
    "product_id": 3609392,
    "name": "I'm Perfect Carrots Prepacked",
    "brand": "Coles",
    "description": "I'MPERFECT PP CARROTS:.:1.5 KG",
    "size": "1.5kg",
    "price": 2,
    "was_price": null,
    "on_sale": false,
    "savings": 0,
    "discount_percentage": 0,
    "unit_price": 1.33,
    "comparable": "$1.33/ 1kg",
    "image_url": "https://productimages.coles.com.au/productimages/3/3609392.jpg",
    "url": "https://www.coles.com.au/product/3609392",
    "availability": true,
    "category": "Food",
    "supermarket": "coles"
  },
  {
    "product_id": 4236122,
    "name": "Baby Carrots",
    "brand": "Coles",
    "description": "COLES CARROTS:BABY:.:500 GRAM",
    "size": "500g",
    "price": 1.9,
    "was_price": null,
    "on_sale": false,
    "savings": 0,
    "discount_percentage": 0,
    "unit_price": 3.8,
    "comparable": "$3.80/ 1kg",
    "image_url": "https://productimages.coles.com.au/productimages/4/4236122.jpg",
    "url": "https://www.coles.com.au/product/4236122",
    "availability": true,
    "category": "Food",
    "supermarket": "coles"
  },
  {
    "product_id": 2470424,
    "name": "Shredded Carrot",
    "brand": "Coles Kitchen",
    "description": "COLES KITCHEN SHREDDED CARROT 200GRAM",
    "size": "200g",
    "price": 2.2,
    "was_price": null,
    "on_sale": false,
    "savings": 0,
    "discount_percentage": 0,
    "unit_price": 11,
    "comparable": "$11.00/ 1kg",
    "image_url": "https://productimages.coles.com.au/productimages/2/2470424.jpg",
    "url": "https://www.coles.com.au/product/2470424",
    "availability": true,
    "category": "Food",
    "supermarket": "coles"
  },
  {
    "product_id": 2313448,
    "name": "Carrot Sticks",
    "brand": "Coles Kitchen",
    "description": "COLES KITCHEN CARROT STICKS 150 GRAM",
    "size": "150g",
    "price": 2.2,
    "was_price": null,
    "on_sale": false,
    "savings": 0,
    "discount_percentage": 0,
    "unit_price": 14.67,
    "comparable": "$14.67/ 1kg",
    "image_url": "https://productimages.coles.com.au/productimages/2/2313448.jpg",
    "url": "https://www.coles.com.au/product/2313448",
    "availability": true,
    "category": "Food",
    "supermarket": "coles"
  },
  {
    "product_id": 5016904,
    "name": "Carrots",
    "brand": "Coles Organic",
    "description": "COLES ORGANIC:CARROTS:.:1 KG",
    "size": "1kg",
    "price": 5.8,
    "was_price": null,
    "on_sale": false,
    "savings": 0,
    "discount_percentage": 0,
    "unit_price": 5.8,
    "comparable": "$5.80/ 1kg",
    "image_url": "https://productimages.coles.com.au/productimages/5/5016904.jpg",
    "url": "https://www.coles.com.au/product/5016904",
    "availability": true,
    "category": "Food",
    "supermarket": "coles"
  },
  {
    "product_id": 5298748,
    "name": "Parsnips Loose",
    "brand": "Coles",
    "description": "PARSNIP:LOOSE:.:PER KG",
    "size": "approx. 200g",
    "price": 2.4,
    "was_price": null,
    "on_sale": false,
    "savings": 0,
    "discount_percentage": 0,
    "unit_price": 12,
    "comparable": "$12.00/ 1kg",
    "image_url": "https://productimages.coles.com.au/productimages/5/5298748.jpg",
    "url": "https://www.coles.com.au/product/5298748",
    "availability": true,
    "category": "Food",
    "supermarket": "coles"
  },
  {
    "product_id": 4924034,
    "name": "Dutch Carrots",
    "brand": "Coles",
    "description": "CARROTS DUTCH:1 BUNCH:.:1 EACH",
    "size": "1 each",
    "price": 5.8,
    "was_price": null,
    "on_sale": false,
    "savings": 0,
    "discount_percentage": 0,
    "unit_price": 5.8,
    "comparable": "$5.80/ 1ea",
    "image_url": "https://productimages.coles.com.au/productimages/4/4924034.jpg",
    "url": "https://www.coles.com.au/product/4924034",
    "availability": true,
    "category": "Food",
    "supermarket": "coles"
  },
  {
    "product_id": 2674650,
    "name": "Carrot & Broccoli Florets",
    "brand": "Coles Kitchen",
    "description": "COLES KITCHEN CARROT & BROCCOLI FLORETS 150 GRAM",
    "size": "150g",
    "price": 2,
    "was_price": null,
    "on_sale": false,
    "savings": 0,
    "discount_percentage": 0,
    "unit_price": 13.33,
    "comparable": "$13.33/ 1kg",
    "image_url": "https://productimages.coles.com.au/productimages/2/2674650.jpg",
    "url": "https://www.coles.com.au/product/2674650",
    "availability": true,
    "category": "Food",
    "supermarket": "coles"
  },
  {
    "product_id": 5072778,
    "name": "Snap Frozen Carrot Peas & Corn",
    "brand": "Birds Eye",
    "description": "BIRDS EYE SNAP FROZEN :PEAS CARROTS CORN:.:1KG",
    "size": "1 kg",
    "price": 6.5,
    "was_price": null,
    "on_sale": false,
    "savings": 0,
    "discount_percentage": 0,
    "unit_price": 6.5,
    "comparable": "$6.50/ 1kg",
    "image_url": "https://productimages.coles.com.au/productimages/5/5072778.jpg",
    "url": "https://www.coles.com.au/product/5072778",
    "availability": true,
    "category": "Food",
    "supermarket": "coles"
  },
  {
    "product_id": 5394650,
    "name": "Frozen Peas Corn & Carrots",
    "brand": "McCain",
    "description": "MCCAINS FROZEN:PEAS CORN CARROT:.:500 GRAM",
    "size": "500g",
    "price": 4.5,
    "was_price": null,
    "on_sale": false,
    "savings": 0,
    "discount_percentage": 0,
    "unit_price": 9,
    "comparable": "$9.00/ 1kg",
    "image_url": "https://productimages.coles.com.au/productimages/5/5394650.jpg",
    "url": "https://www.coles.com.au/product/5394650",
    "availability": true,
    "category": "Food",
    "supermarket": "coles"
  },
  {
    "product_id": 3018374,
    "name": "Baby Puffs Carrot",
    "brand": "Little Bellies",
    "description": "LITTLE BELLIES BABY PUFFS CARROT",
    "size": "12g",
    "price": 1.95,
    "was_price": 2.15,
    "on_sale": true,
    "savings": 0.19999999999999996,
    "discount_percentage": 9.3,
    "unit_price": 16.25,
    "comparable": "$16.25/ 100g",
    "image_url": "https://productimages.coles.com.au/productimages/3/3018374.jpg",
    "url": "https://www.coles.com.au/product/3018374",
    "availability": true,
    "category": "Food",
    "supermarket": "coles"
  },
  {
    "product_id": 5433173,
    "name": "Baby Carrots",
    "brand": "Coles",
    "description": "COLES BABY CARROTS 410G",
    "size": "410g",
    "price": 1.8,
    "was_price": null,
    "on_sale": false,
    "savings": 0,
    "discount_percentage": 0,
    "unit_price": 4.39,
    "comparable": "$4.39/ 1kg",
    "image_url": "https://productimages.coles.com.au/productimages/5/5433173.jpg",
    "url": "https://www.coles.com.au/product/5433173",
    "availability": true,
    "category": "Food",
    "supermarket": "coles"
  },
  {
    "product_id": 4995826,
    "name": "Carrots Juicing",
    "brand": "Coles Organic",
    "description": "COLES ORGANIC CARROTS:JUICING:2 KG",
    "size": "2kg",
    "price": 6.2,
    "was_price": null,
    "on_sale": false,
    "savings": 0,
    "discount_percentage": 0,
    "unit_price": 3.1,
    "comparable": "$3.10/ 1kg",
    "image_url": "https://productimages.coles.com.au/productimages/4/4995826.jpg",
    "url": "https://www.coles.com.au/product/4995826",
    "availability": true,
    "category": "Food",
    "supermarket": "coles"
  },
  {
    "product_id": 2043478,
    "name": "Peas & Carrots",
    "brand": "Coles",
    "description": "COLES PEAS AND CARROT 420G",
    "size": "420g",
    "price": 1.8,
    "was_price": null,
    "on_sale": false,
    "savings": 0,
    "discount_percentage": 0,
    "unit_price": 4.29,
    "comparable": "$4.29/ 1kg",
    "image_url": "https://productimages.coles.com.au/productimages/2/2043478.jpg",
    "url": "https://www.coles.com.au/product/2043478",
    "availability": true,
    "category": "Food",
    "supermarket": "coles"
  },
  {
    "product_id": 4491980,
    "name": "Carrot Snacking",
    "brand": "Coles Organic",
    "description": "COLES ORGANIC CARROT:SNACKING:.:250 GRAM",
    "size": "250g",
    "price": 4,
    "was_price": null,
    "on_sale": false,
    "savings": 0,
    "discount_percentage": 0,
    "unit_price": 16,
    "comparable": "$16.00/ 1kg",
    "image_url": "https://productimages.coles.com.au/productimages/4/4491980.jpg",
    "url": "https://www.coles.com.au/product/4491980",
    "availability": true,
    "category": "Food",
    "supermarket": "coles"
  },
  {
    "product_id": 5577016,
    "name": "Carrot Cake",
    "brand": "Coles",
    "description": "COLES CARROT CAKE",
    "size": "400g",
    "price": 6.3,
    "was_price": null,
    "on_sale": false,
    "savings": 0,
    "discount_percentage": 0,
    "unit_price": 1.57,
    "comparable": "$1.58/ 100g",
    "image_url": "https://productimages.coles.com.au/productimages/5/5577016.jpg",
    "url": "https://www.coles.com.au/product/5577016",
    "availability": true,
    "category": "Food",
    "supermarket": "coles"
  },
  {
    "product_id": 2741011,
    "name": "Steam Fresh Carrot Broccoli & Corn Mix 5 Pack",
    "brand": "Birds Eye",
    "description": "BIRDS EYE STEAM FRESH CARROT BROCCOLI & CORN MIX 5PK 750 GRAM",
    "size": "750g",
    "price": 5.5,
    "was_price": null,
    "on_sale": false,
    "savings": 0,
    "discount_percentage": 0,
    "unit_price": 7.33,
    "comparable": "$7.33/ 1kg",
    "image_url": "https://productimages.coles.com.au/productimages/2/2741011.jpg",
    "url": "https://www.coles.com.au/product/2741011",
    "availability": true,
    "category": "Food",
    "supermarket": "coles"
  },
  {
    "product_id": 2740085,
    "name": "Steam Fresh Carrot Cauliflower & Broccoli Mix 5 Pack",
    "brand": "Birds Eye",
    "description": "BIRDS EYE STEAM FRESH CARROT CAULIFLOWER & BROCCOLI MIX 5PK 750 GRAM",
    "size": "750g",
    "price": 5.5,
    "was_price": null,
    "on_sale": false,
    "savings": 0,
    "discount_percentage": 0,
    "unit_price": 7.33,
    "comparable": "$7.33/ 1kg",
    "image_url": "https://productimages.coles.com.au/productimages/2/2740085.jpg",
    "url": "https://www.coles.com.au/product/2740085",
    "availability": true,
    "category": "Food",
    "supermarket": "coles"
  },
  {
    "product_id": 5019651,
    "name": "Carrot Cupcakes 4 Pack",
    "brand": "Coles",
    "description": "COLES CARROT CUPCAKES 4PK",
    "size": "288g",
    "price": 6.25,
    "was_price": null,
    "on_sale": false,
    "savings": 0,
    "discount_percentage": 0,
    "unit_price": 2.17,
    "comparable": "$2.17/ 100g",
    "image_url": "https://productimages.coles.com.au/productimages/5/5019651.jpg",
    "url": "https://www.coles.com.au/product/5019651",
    "availability": true,
    "category": "Food",
    "supermarket": "coles"
  },
  {
    "product_id": 2800347,
    "name": "Mum-mum Rice Rusk Organic Blueberry & Carrot +8 Months",
    "brand": "Baby",
    "description": "BABY MUM-MUM RICE RUSKS ORGANIC BLUEBERRY & CARROT +8 MONTHS",
    "size": "36g",
    "price": 2.85,
    "was_price": 3.85,
    "on_sale": true,
    "savings": 1.0,
    "discount_percentage": 26.0,
    "unit_price": 7.92,
    "comparable": "$7.92/ 100g",
    "image_url": "https://productimages.coles.com.au/productimages/2/2800347.jpg",
    "url": "https://www.coles.com.au/product/2800347",
    "availability": true,
    "category": "Food",
    "supermarket": "coles"
  },
  {
    "product_id": 4525844,
    "name": "Snap Frozen Carrot Cauliflower & Broccoli",
    "brand": "Birds Eye",
    "description": "BIRDS EYE SNAP FROZEN CARROT CAULIFLOWER & BROCCOLI 1 KG",
    "size": "1 kg",
    "price": 6.5,
    "was_price": null,
    "on_sale": false,
    "savings": 0,
    "discount_percentage": 0,
    "unit_price": 6.5,
    "comparable": "$6.50/ 1kg",
    "image_url": "https://productimages.coles.com.au/productimages/4/4525844.jpg",
    "url": "https://www.coles.com.au/product/4525844",
    "availability": true,
    "category": "Food",
    "supermarket": "coles"
  },
  {
    "product_id": 2826067,
    "name": "Vegetable Sweet Carrot Rice Crackers",
    "brand": "Peckish",
    "description": "PECKISH VEGETABLE SWEET CARROT RICE CRACKERS",
    "size": "90g",
    "price": 2,
    "was_price": 2.8,
    "on_sale": true,
    "savings": 0.7999999999999998,
    "discount_percentage": 28.6,
    "unit_price": 2.22,
    "comparable": "$2.22/ 100g",
    "image_url": "https://productimages.coles.com.au/productimages/2/2826067.jpg",
    "url": "https://www.coles.com.au/product/2826067",
    "availability": true,
    "category": "Food",
    "supermarket": "coles"
  },
  {
    "product_id": 6309511,
    "name": "Snacking Carrots",
    "brand": "Coles",
    "description": "CARROTS:SNACKING:.:250 GRAM",
    "size": "250g",
    "price": 3,
    "was_price": null,
    "on_sale": false,
    "savings": 0,
    "discount_percentage": 0,
    "unit_price": 12,
    "comparable": "$12.00/ 1kg",
    "image_url": "https://productimages.coles.com.au/productimages/6/6309511.jpg",
    "url": "https://www.coles.com.au/product/6309511",
    "availability": true,
    "category": "Food",
    "supermarket": "coles"
  },
  {
    "product_id": 7645070,
    "name": "Frozen Carrot Battons",
    "brand": "Coles",
    "description": "COLES FROZEN CARROT BATTONS 500G",
    "size": "500g",
    "price": 2.5,
    "was_price": null,
    "on_sale": false,
    "savings": 0,
    "discount_percentage": 0,
    "unit_price": 5,
    "comparable": "$5.00/ 1kg",
    "image_url": "https://productimages.coles.com.au/productimages/7/7645070.jpg",
    "url": "https://www.coles.com.au/product/7645070",
    "availability": true,
    "category": "Food",
    "supermarket": "coles"
  },
  {
    "product_id": 8174322,
    "name": "Rainbow Carrots With Maple Glaze",
    "brand": "Coles Finest",
    "description": "COLES FINEST RAINBOW CARROTS WITH MAPLE GLAZE 500G",
    "size": "500g",
    "price": 5,
    "was_price": 6,
    "on_sale": true,
    "savings": 1,
    "discount_percentage": 16.7,
    "unit_price": 10,
    "comparable": "$10.00/ 1kg",
    "image_url": "https://productimages.coles.com.au/productimages/8/8174322.jpg",
    "url": "https://www.coles.com.au/product/8174322",
    "availability": true,
    "category": "Food",
    "supermarket": "coles"
  },
  {
    "product_id": 100763,
    "name": "Peas & Carrots",
    "brand": "Edgell",
    "description": "EDGELL:PEAS CARROTS:.:420 GRAM",
    "size": "420g",
    "price": 2.5,
    "was_price": null,
    "on_sale": false,
    "savings": 0,
    "discount_percentage": 0,
    "unit_price": 5.95,
    "comparable": "$5.95/ 1kg",
    "image_url": "https://productimages.coles.com.au/productimages/1/100763.jpg",
    "url": "https://www.coles.com.au/product/100763",
    "availability": true,
    "category": "Food",
    "supermarket": "coles"
  }
]