[
  {
    "stockcode": 135344,
    "barcode": "0264562000001",
    "name": "Carrot Fresh each",
    "description": "Carrot Fresh  each",
    "price": 0.35,
    "was_price": null,
    "on_sale": false,
    "is_half_price": false,
    "savings": 0.0,
    "unit": "Each",
    "cup_price": 0.35,
    "cup_measure": "1EA",
    "cup_string": "$0.35 / 1EA",
    "package_size": "each",
    "image_small": "https://cdn0.woolworths.media/content/wowproductimages/small/135344.jpg",
    "image_medium": "https://cdn0.woolworths.media/content/wowproductimages/medium/135344.jpg",
    "image_large": "https://cdn0.woolworths.media/content/wowproductimages/large/135344.jpg",
    "url": "https://www.woolworths.com.au/shop/productdetails/135344/carrot-fresh",
    "brand": null,
    "is_new": false,
    "supply_limit": 36,
    "category": "Food",
    "supermarket": "woolworths",
    "discount_percentage": 0
  },
  {
    "stockcode": 135369,
    "barcode": "9300633121051",
    "name": "Woolworths Australian Grown Carrots 1kg",
    "description": "Woolworths Australian Grown<br>Carrots 1kg",
    "price": 2.4,
    "was_price": null,
    "on_sale": false,
    "is_half_price": false,
    "savings": 0.0,
    "unit": "Each",
    "cup_price": 2.4,
    "cup_measure": "1KG",
    "cup_string": "$2.40 / 1KG",
    "package_size": "1kg",
    "image_small": "https://cdn0.woolworths.media/content/wowproductimages/small/135369.jpg",
    "image_medium": "https://cdn0.woolworths.media/content/wowproductimages/medium/135369.jpg",
    "image_large": "https://cdn0.woolworths.media/content/wowproductimages/large/135369.jpg",
    "url": "https://www.woolworths.com.au/shop/productdetails/135369/woolworths-australian-grown-carrots",
    "brand": "Woolworths",
    "is_new": false,
    "supply_limit": 36,
    "category": "Food",
    "supermarket": "woolworths",
    "discount_percentage": 0
  },
  {
    "stockcode": 288440,
    "barcode": "9339687341580",
    "name": "The Odd Bunch Carrots 1.5kg",
    "description": "The Odd Bunch Carrots  1.5kg",
    "price": 2,
    "was_price": null,
    "on_sale": false,
    "is_half_price": false,
    "savings": 0,
    "unit": "Each",
    "cup_price": 1.33,
    "cup_measure": "1KG",
    "cup_string": "$1.33 / 1KG",
    "package_size": "1.5kg",
    "image_small": "https://cdn0.woolworths.media/content/wowproductimages/small/288440.jpg",
    "image_medium": "https://cdn0.woolworths.media/content/wowproductimages/medium/288440.jpg",
    "image_large": "https://cdn0.woolworths.media/content/wowproductimages/large/288440.jpg",
    "url": "https://www.woolworths.com.au/shop/productdetails/288440/the-odd-bunch-carrots",
    "brand": "The Odd Bunch",
    "is_new": false,
    "supply_limit": 28,
    "category": "Food",
    "supermarket": "woolworths",
    "discount_percentage": 0
  },
  {
    "stockcode": 742824,
    "barcode": "9300633379568",
    "name": "Woolworths Baby Carrots 500g",
    "description": "Woolworths Baby Carrots  500g",
    "price": 1.8,
    "was_price": null,
    "on_sale": false,
    "is_half_price": false,
    "savings": 0.0,
    "unit": "Each",
    "cup_price": 3.6,
    "cup_measure": "1KG",
    "cup_string": "$3.60 / 1KG",
    "package_size": "500g",
    "image_small": "https://cdn0.woolworths.media/content/wowproductimages/small/742824.jpg",
    "image_medium": "https://cdn0.woolworths.media/content/wowproductimages/medium/742824.jpg",
    "image_large": "https://cdn0.woolworths.media/content/wowproductimages/large/742824.jpg",
    "url": "https://www.woolworths.com.au/shop/productdetails/742824/woolworths-baby-carrots",
    "brand": "Woolworths",
    "is_new": false,
    "supply_limit": 36,
    "category": "Food",
    "supermarket": "woolworths",
    "discount_percentage": 0
  },
  {
    "stockcode": 85794,
    "barcode": "9339687164950",
    "name": "Woolworths Snackable Snacking Carrot 250g",
    "description": "Woolworths Snackable<br>Snacking Carrot  250g",
    "price": 4,
    "was_price": null,
    "on_sale": false,
    "is_half_price": false,
    "savings": 0,
    "unit": "Each",
    "cup_price": 16,
    "cup_measure": "1KG",
    "cup_string": "$16.00 / 1KG",
    "package_size": "250g",
    "image_small": "https://cdn0.woolworths.media/content/wowproductimages/small/085794.jpg",
    "image_medium": "https://cdn0.woolworths.media/content/wowproductimages/medium/085794.jpg",
    "image_large": "https://cdn0.woolworths.media/content/wowproductimages/large/085794.jpg",
    "url": "https://www.woolworths.com.au/shop/productdetails/85794/woolworths-snackable-snacking-carrot",
    "brand": "Woolworths",
    "is_new": false,
    "supply_limit": 36,
    "category": "Food",
    "supermarket": "woolworths",
    "discount_percentage": 0
  },
  {
    "stockcode": 117381,
    "barcode": "9300633007218",
    "name": "Macro Organic Carrots 750g",
    "description": "Macro Organic Carrots  750g",
    "price": 4,
    "was_price": null,
    "on_sale": false,
    "is_half_price": false,
    "savings": 0,
    "unit": "Each",
    "cup_price": 5.33,
    "cup_measure": "1KG",
    "cup_string": "$5.33 / 1KG",
    "package_size": "750g",
    "image_small": "https://cdn0.woolworths.media/content/wowproductimages/small/117381.jpg",
    "image_medium": "https://cdn0.woolworths.media/content/wowproductimages/medium/117381.jpg",
    "image_large": "https://cdn0.woolworths.media/content/wowproductimages/large/117381.jpg",
    "url": "https://www.woolworths.com.au/shop/productdetails/117381/macro-organic-carrots",
    "brand": "Macro",
    "is_new": false,
    "supply_limit": 21,
    "category": "Food",
    "supermarket": "woolworths",
    "discount_percentage": 0
  },
  {
    "stockcode": 921080,
    "barcode": "9321406001653",
    "name": "Just Veg. Carrot Sticks 300g",
    "description": "Just Veg. Carrot Sticks  300g",
    "price": 2.9,
    "was_price": 3.3,
    "on_sale": true,
    "is_half_price": false,
    "savings": 0.4,
    "unit": "Each",
    "cup_price": 9.67,
    "cup_measure": "1KG",
    "cup_string": "$9.67 / 1KG",
    "package_size": "300g",
    "image_small": "https://cdn0.woolworths.media/content/wowproductimages/small/921080.jpg",
    "image_medium": "https://cdn0.woolworths.media/content/wowproductimages/medium/921080.jpg",
    "image_large": "https://cdn0.woolworths.media/content/wowproductimages/large/921080.jpg",
    "url": "https://www.woolworths.com.au/shop/productdetails/921080/just-veg-carrot-sticks",
    "brand": "Just Veg.",
    "is_new": false,
    "supply_limit": 12,
    "category": "Food",
    "supermarket": "woolworths",
    "discount_percentage": 12.1
  },
  {
    "stockcode": 921142,
    "barcode": "9321406001660",
    "name": "Just Veg. Carrot Shred 300g",
    "description": "Just Veg. Carrot Shred  300g",
    "price": 2.9,
    "was_price": 3.3,
    "on_sale": true,
    "is_half_price": false,
    "savings": 0.4,
    "unit": "Each",
    "cup_price": 9.67,
    "cup_measure": "1KG",
    "cup_string": "$9.67 / 1KG",
    "package_size": "300g",
    "image_small": "https://cdn0.woolworths.media/content/wowproductimages/small/921142.jpg",
    "image_medium": "https://cdn0.woolworths.media/content/wowproductimages/medium/921142.jpg",
    "image_large": "https://cdn0.woolworths.media/content/wowproductimages/large/921142.jpg",
    "url": "https://www.woolworths.com.au/shop/productdetails/921142/just-veg-carrot-shred",
    "brand": "Just Veg.",
    "is_new": false,
    "supply_limit": 21,
    "category": "Food",
    "supermarket": "woolworths",
    "discount_percentage": 12.1
  },
  {
    "stockcode": 135334,
    "barcode": "0265150000007",
    "name": "Woolworths Carrot Dutch Bunch each",
    "description": "Woolworths Carrot Dutch<br>Bunch  each",
    "price": 4,
    "was_price": null,
    "on_sale": false,
    "is_half_price": false,
    "savings": 0,
    "unit": "Each",
    "cup_price": 4,
    "cup_measure": "1EA",
    "cup_string": "$4.00 / 1EA",
    "package_size": "each",
    "image_small": "https://cdn0.woolworths.media/content/wowproductimages/small/135334.jpg",
    "image_medium": "https://cdn0.woolworths.media/content/wowproductimages/medium/135334.jpg",
    "image_large": "https://cdn0.woolworths.media/content/wowproductimages/large/135334.jpg",
    "url": "https://www.woolworths.com.au/shop/productdetails/135334/woolworths-carrot-dutch-bunch",
    "brand": "Woolworths",
    "is_new": false,
    "supply_limit": 8,
    "category": "Food",
    "supermarket": "woolworths",
    "discount_percentage": 0
  },
  {
    "stockcode": 528836,
    "barcode": "9300633615895",
    "name": "Macro Purple Carrot Organic 500g",
    "description": "Macro Purple Carrot Organic  500g",
    "price": null,
    "was_price": null,
    "on_sale": false,
    "is_half_price": false,
    "savings": null,
    "unit": "Each",
    "cup_price": null,
    "cup_measure": "1KG",
    "cup_string": "",
    "package_size": "500g",
    "image_small": "https://cdn0.woolworths.media/content/wowproductimages/small/528836.jpg",
    "image_medium": "https://cdn0.woolworths.media/content/wowproductimages/medium/528836.jpg",
    "image_large": "https://cdn0.woolworths.media/content/wowproductimages/large/528836.jpg",
    "url": "https://www.woolworths.com.au/shop/productdetails/528836/macro-purple-carrot-organic",
    "brand": "Macro",
    "is_new": false,
    "supply_limit": 36,
    "category": "Food",
    "supermarket": "woolworths",
    "discount_percentage": 0
  },
  {
    "stockcode": 571899,
    "barcode": "9317948012783",
    "name": "Honey Sea Salt Carrots With Broccolini 180g",
    "description": "Broccolini & Carrot with oil<br>and honey seasalt... 180g",
    "price": 5,
    "was_price": null,
    "on_sale": false,
    "is_half_price": false,
    "savings": 0,
    "unit": "Each",
    "cup_price": 27.78,
    "cup_measure": "1KG",
    "cup_string": "$27.78 / 1KG",
    "package_size": "180g",
    "image_small": "https://cdn0.woolworths.media/content/wowproductimages/small/571899.jpg",
    "image_medium": "https://cdn0.woolworths.media/content/wowproductimages/medium/571899.jpg",
    "image_large": "https://cdn0.woolworths.media/content/wowproductimages/large/571899.jpg",
    "url": "https://www.woolworths.com.au/shop/productdetails/571899/broccolini-carrot-with-oil-and-honey-seasalt-honey-sea-salt-carrots-with-broccolini",
    "brand": "Broccolini & Carrot with oil and honey seasalt",
    "is_new": false,
    "supply_limit": 3,
    "category": "Food",
    "supermarket": "woolworths",
    "discount_percentage": 0
  },
  {
    "stockcode": 259404,
    "barcode": "9321406002308",
    "name": "Just Veg. Carrot Sticks 150g",
    "description": "Just Veg. Carrot Sticks  150g",
    "price": 1.6,
    "was_price": 2.2,
    "on_sale": true,
    "is_half_price": false,
    "savings": 0.6,
    "unit": "Each",
    "cup_price": 10.67,
    "cup_measure": "1KG",
    "cup_string": "$10.67 / 1KG",
    "package_size": "150g",
    "image_small": "https://cdn0.woolworths.media/content/wowproductimages/small/259404.jpg",
    "image_medium": "https://cdn0.woolworths.media/content/wowproductimages/medium/259404.jpg",
    "image_large": "https://cdn0.woolworths.media/content/wowproductimages/large/259404.jpg",
    "url": "https://www.woolworths.com.au/shop/productdetails/259404/just-veg-carrot-sticks",
    "brand": "Just Veg.",
    "is_new": false,
    "supply_limit": 9,
    "category": "Food",
    "supermarket": "woolworths",
    "discount_percentage": 27.3
  },
  {
    "stockcode": 694123,
    "barcode": "9339687049080",
    "name": "Macro Lentil Bites Carrot 6 pack",
    "description": "Macro Lentil Bites Carrot  6 pack",
    "price": 5.5,
    "was_price": null,
    "on_sale": false,
    "is_half_price": false,
    "savings": 0.0,
    "unit": "Each",
    "cup_price": 5.09,
    "cup_measure": "100G",
    "cup_string": "$5.09 / 100G",
    "package_size": "6 pack",
    "image_small": "https://cdn0.woolworths.media/content/wowproductimages/small/694123.jpg",
    "image_medium": "https://cdn0.woolworths.media/content/wowproductimages/medium/694123.jpg",
    "image_large": "https://cdn0.woolworths.media/content/wowproductimages/large/694123.jpg",
    "url": "https://www.woolworths.com.au/shop/productdetails/694123/macro-lentil-bites-carrot",
    "brand": "Macro",
    "is_new": false,
    "supply_limit": 7,
    "category": "Food",
    "supermarket": "woolworths",
    "discount_percentage": 0
  },
  {
    "stockcode": 409952,
    "barcode": "9339687359882",
    "name": "Woolworths Washed & Ready To Cook Carrot Broccoli & Cauliflower Mix 750g",
    "description": "Woolworths Washed & Ready To<br>Cook Carrot... 750g",
    "price": 6.75,
    "was_price": null,
    "on_sale": false,
    "is_half_price": false,
    "savings": 0.0,
    "unit": "Each",
    "cup_price": 9,
    "cup_measure": "1KG",
    "cup_string": "$9.00 / 1KG",
    "package_size": "750g",
    "image_small": "https://cdn0.woolworths.media/content/wowproductimages/small/409952.jpg",
    "image_medium": "https://cdn0.woolworths.media/content/wowproductimages/medium/409952.jpg",
    "image_large": "https://cdn0.woolworths.media/content/wowproductimages/large/409952.jpg",
    "url": "https://www.woolworths.com.au/shop/productdetails/409952/woolworths-washed-ready-to-cook-carrot-broccoli-cauliflower-mix",
    "brand": "Woolworths",
    "is_new": false,
    "supply_limit": 8,
    "category": "Food",
    "supermarket": "woolworths",
    "discount_percentage": 0
  },
  {
    "stockcode": 583617,
    "barcode": "9300633636586",
    "name": "Woolworths Carrots, Broccoli & Cauliflower With Herb Butter 200g",
    "description": "Woolworths Carrots, Broccoli<br>& Cauliflower With... 200g",
    "price": 5,
    "was_price": null,
    "on_sale": false,
    "is_half_price": false,
    "savings": 0,
    "unit": "Each",
    "cup_price": 25,
    "cup_measure": "1KG",
    "cup_string": "$25.00 / 1KG",
    "package_size": "200g",
    "image_small": "https://cdn0.woolworths.media/content/wowproductimages/small/583617.jpg",
    "image_medium": "https://cdn0.woolworths.media/content/wowproductimages/medium/583617.jpg",
    "image_large": "https://cdn0.woolworths.media/content/wowproductimages/large/583617.jpg",
    "url": "https://www.woolworths.com.au/shop/productdetails/583617/woolworths-carrots-broccoli-cauliflower-with-herb-butter",
    "brand": "Woolworths",
    "is_new": false,
    "supply_limit": 14,
    "category": "Food",
    "supermarket": "woolworths",
    "discount_percentage": 0
  },
  {
    "stockcode": 79928,
    "barcode": "9339687154753",
    "name": "Woolworths Carrot, Corn & Beans 350g",
    "description": "Woolworths Carrot, Corn &<br>Beans  350g",
    "price": 5,
    "was_price": null,
    "on_sale": false,
    "is_half_price": false,
    "savings": 0,
    "unit": "Each",
    "cup_price": 14.29,
    "cup_measure": "1KG",
    "cup_string": "$14.29 / 1KG",
    "package_size": "350g",
    "image_small": "https://cdn0.woolworths.media/content/wowproductimages/small/079928.jpg",
    "image_medium": "https://cdn0.woolworths.media/content/wowproductimages/medium/079928.jpg",
    "image_large": "https://cdn0.woolworths.media/content/wowproductimages/large/079928.jpg",
    "url": "https://www.woolworths.com.au/shop/productdetails/79928/woolworths-carrot-corn-beans",
    "brand": "Woolworths",
    "is_new": false,
    "supply_limit": 6,
    "category": "Food",
    "supermarket": "woolworths",
    "discount_percentage": 0
  },
  {
    "stockcode": 816207,
    "barcode": "0265793000006",
    "name": "Macro Organic Carrot Dutch Bunch each",
    "description": "Macro Organic Carrot Dutch<br>Bunch  each",
    "price": null,
    "was_price": null,
    "on_sale": false,
    "is_half_price": false,
    "savings": null,
    "unit": "Each",
    "cup_price": null,
    "cup_measure": "1EA",
    "cup_string": "",
    "package_size": "each",
    "image_small": "https://cdn0.woolworths.media/content/wowproductimages/small/816207.jpg",
    "image_medium": "https://cdn0.woolworths.media/content/wowproductimages/medium/816207.jpg",
    "image_large": "https://cdn0.woolworths.media/content/wowproductimages/large/816207.jpg",
    "url": "https://www.woolworths.com.au/shop/productdetails/816207/macro-organic-carrot-dutch-bunch",
    "brand": "Macro",
    "is_new": false,
    "supply_limit": 36,
    "category": "Food",
    "supermarket": "woolworths",
    "discount_percentage": 0
  },
  {
    "stockcode": 285806,
    "barcode": "9339687341214",
    "name": "Organic Carrots 500g",
    "description": "Organic Carrots  500g",
    "price": null,
    "was_price": null,
    "on_sale": false,
    "is_half_price": false,
    "savings": null,
    "unit": "Each",
    "cup_price": null,
    "cup_measure": "1KG",
    "cup_string": "",
    "package_size": "500g",
    "image_small": "https://cdn0.woolworths.media/content/wowproductimages/small/285806.jpg",
    "image_medium": "https://cdn0.woolworths.media/content/wowproductimages/medium/285806.jpg",
    "image_large": "https://cdn0.woolworths.media/content/wowproductimages/large/285806.jpg",
    "url": "https://www.woolworths.com.au/shop/productdetails/285806/organic-carrots",
    "brand": null,
    "is_new": false,
    "supply_limit": 36,
    "category": "Food",
    "supermarket": "woolworths",
    "discount_percentage": 0
  },
  {
    "stockcode": 768562,
    "barcode": "9300633450359",
    "name": "Woolworths Julienne Carrots 500g",
    "description": "Woolworths Julienne Carrots 500g",
    "price": 2.5,
    "was_price": null,
    "on_sale": false,
    "is_half_price": false,
    "savings": 0.0,
    "unit": "Each",
    "cup_price": 5,
    "cup_measure": "1KG",
    "cup_string": "$5.00 / 1KG",
    "package_size": "500g",
    "image_small": "https://cdn0.woolworths.media/content/wowproductimages/small/768562.jpg",
    "image_medium": "https://cdn0.woolworths.media/content/wowproductimages/medium/768562.jpg",
    "image_large": "https://cdn0.woolworths.media/content/wowproductimages/large/768562.jpg",
    "url": "https://www.woolworths.com.au/shop/productdetails/768562/woolworths-julienne-carrots",
    "brand": "Woolworths",
    "is_new": false,
    "supply_limit": 12,
    "category": "Food",
    "supermarket": "woolworths",
    "discount_percentage": 0
  },
  {
    "stockcode": 218900,
    "barcode": "9300633904104",
    "name": "Woolworths Whole Baby Carrots 410g",
    "description": "Woolworths Whole Baby<br>Carrots Baby 410g",
    "price": 1.8,
    "was_price": null,
    "on_sale": false,
    "is_half_price": false,
    "savings": 0.0,
    "unit": "Each",
    "cup_price": 4.39,
    "cup_measure": "1KG",
    "cup_string": "$4.39 / 1KG",
    "package_size": "410g",
    "image_small": "https://cdn0.woolworths.media/content/wowproductimages/small/218900.jpg",
    "image_medium": "https://cdn0.woolworths.media/content/wowproductimages/medium/218900.jpg",
    "image_large": "https://cdn0.woolworths.media/content/wowproductimages/large/218900.jpg",
    "url": "https://www.woolworths.com.au/shop/productdetails/218900/woolworths-whole-baby-carrots-baby",
    "brand": "Woolworths",
    "is_new": false,
    "supply_limit": 27,
    "category": "Food",
    "supermarket": "woolworths",
    "discount_percentage": 0
  }
]